@article{canu,
author = {Koren, Sergey and Walenz, Brian P. and Berlin, Konstantin and Miller, Jason R. and Bergman, Nicholas H. and Phillippy, Adam M.},
doi = {10.1101/gr.215087.116.Freely},
eprint = {071282},
journal = {Genome Research},
number = {2},
pages = {1--11},
pmid = {28298431},
title = {{Canu: scalable and accurate long-read assembly via adaptive \textit{k}-mer weighting and repeat separation}},
volume = {25},
year = {2017}
}

@article{ra,
author = {Vaser, Robert and Šikić, Mile},
doi = {10.1109/ISPA.2019.8868909},
journal = {International Symposium on Image and Signal Processing and Analysis, ISPA},
pages = {147--151},
title = {{Yet another de novo genome assembler}},
year = {2019}
}

@article{raven,
author = {Vaser, Robert and Šikić, Mile},
doi = {10.1101/2020.08.07.242461},
journal = {bioRxiv},
title = {{Raven: a \textit{de novo} genome assembler for long reads}},
volume = {doi},
pages = {10.1101/2020.08.07.242461},
year = {2020}
}

@article{flye,
author = {Kolmogorov, Mikhail and Yuan, Jeffrey and Lin, Yu and Pevzner, Pavel A.},
doi = {10.1038/s41587-019-0072-8},
journal = {Nature Biotechnology},
number = {5},
pages = {540--546},
title = {{Assembly of long, error-prone reads using repeat graphs}},
volume = {37},
year = {2019}
}

@misc{nextdenovo,
title = {{NextDeNovo, \url{https://github.com/Nextomics/NextDenovo}}},
author = {NextOmics},
year = {2019}
}

@article{wtdbg2,
title = {Fast and accurate long-read assembly with wtdbg2},
volume = {17},
copyright = {2019 The Author(s), under exclusive licence to Springer Nature America, Inc.},
issn = {1548-7105},
doi = {10.1038/s41592-019-0669-3},
language = {en},
number = {2},
journal = {Nature Methods},
author = {Ruan, Jue and Li, Heng},
year = {2020},
pages = {155--158}
}

@article{purge_haplotigs,
author = {Roach, Michael J and Schmidt, Simon A and Borneman, Anthony R},
file = {:home/nadege/T{\'{e}}l{\'{e}}chargements/document.pdf:pdf},
journal = {BMC Bioinformatics},
keywords = {Polymorphic genome,Redundant contigs,Synteny reduction,polymorphic genome,redundant contigs,synteny reduction},
volume = {19},
number = {1},
pages = {1--10},
publisher = {BMC Bioinformatics},
title = {{Purge Haplotigs: allelic contig reassignment for third-gen diploid genome assemblies}},
year = {2018}
}

@article{haplomerger2,
author = {Huang, Shengfeng and Kang, Mingjing and Xu, Anlong},
doi = {10.1093/bioinformatics/btx220},
issn = {13674811},
journal = {Bioinformatics},
number = {16},
pages = {2577--2579},
pmid = {28407147},
title = {{HaploMerger2: rebuilding both haploid sub-assemblies from high-heterozygosity diploid genome assembly}},
volume = {33},
year = {2017}
}

@article{bowtie2,
author = {Langmead, Ben and Salzberg, Steven L.},
doi = {10.1038/nmeth.1923},
file = {:home/nadege/T{\'{e}}l{\'{e}}chargements/langmead2012.pdf:pdf},
issn = {15487091},
journal = {Nature Methods},
number = {4},
pages = {357--359},
pmid = {22388286},
title = {{Fast gapped-read alignment with Bowtie 2}},
volume = {9},
year = {2012}
}

@article{hypo,
author = {Kundu, Ritu and Casey, Joshua and Sung, Wing-kin},
journal = {bioRxiv},
title = {{HyPo : super fast {\&} accurate polisher for long read assemblies}},
year = {2019}
}

@article{instagraal,
  title={{instaGRAAL}: chromosome-level quality scaffolding of genomes using a proximity ligation-based scaffolder},
  author={Baudry, Lyam and Guiglielmoni, Nad{\`e}ge and Marie-Nelly, Herv{\'e} and Cormier, Alexandre and Marbouty, Martial and Avia, Komlan and Mie, Yann Loe and Godfroy, Olivier and Sterck, Lieven and Cock, J Mark and others},
  journal={Genome Biology},
  volume={21},
  number={1},
  pages={1--22},
  year={2020},
  publisher={BioMed Central}
}

@article{kat_evaluation,
	title = {{KAT}: a {K}-mer analysis toolkit to quality control {NGS} datasets and genome assemblies},
	issn = {1367-4803, 1460-2059},
	shorttitle = {{KAT}},
	doi = {10.1093/bioinformatics/btw663},
	language = {en},
	journal = {Bioinformatics},
	author = {Mapleson, Daniel and Garcia Accinelli, Gonzalo and Kettleborough, George and Wright, Jonathan and Clavijo, Bernardo J.},
	year = {2016},
	volume = {33},
	number = {4},
	pages = {574--576},
}

@article{busco_evaluation,
	title = {{BUSCO}: assessing genome assembly and annotation completeness with single-copy orthologs},
	volume = {31},
	number = {19},
	journal = {Bioinformatics},
	author = {Simão, Felipe A and Waterhouse, Robert M and Ioannidis, Panagiotis and Kriventseva, Evgenia V and Zdobnov, Evgeny M},
	doi = {https://doi.org/10.1007/978-1-4939-9173-0_14},
	year = {2015},
	pages = {3210--3212}
}

@article{flot2013,
  title={Genomic evidence for ameiotic evolution in the bdelloid rotifer \textit{Adineta vaga}},
  author={Flot, Jean-Fran{\c{c}}ois and Hespeels, Boris and Li, Xiang and Noel, Benjamin and Arkhipova, Irina and Danchin, Etienne GJ and Hejnol, Andreas and Henrissat, Bernard and Koszul, Romain and Aury, Jean-Marc and others},
  journal={Nature},
  volume={500},
  number={7463},
  pages={453--457},
  year={2013},
  publisher={Nature Publishing Group}
}

@misc{porechop,
title = {{Porechop, \url{https://github.com/rrwick/Porechop}}},
author = {Wick, Ryan R.},
year = {2017}
}

@misc{bbtools,
title = {{BBtools, \url{https://sourceforge.net/projects/bbmap/}}},
author = {{Joint Genome Institute}},
year = {2014}
}

@article{purge_dups,
author = {Guan, Dengfeng and McCarthy, Shane A. and Wood, Jonathan and Howe, Kerstin and Wang, Yadong and Durbin, Richard},
doi = {10.1093/bioinformatics/btaa025},
issn = {13674811},
journal = {Bioinformatics},
number = {9},
pages = {2896--2898},
pmid = {31971576},
title = {{Identifying and removing haplotypic duplication in primary genome assemblies}},
volume = {36},
year = {2020}
}

@misc{hicstuff,
  author       = {Cyril Matthey-Doret and
                  Lyam Baudry and
                  Amaury Bignaud and
                  Axel Cournac and
                  Rémi Montagne and
                  Nadège Guiglielmoni and
                  Théo Foutel-Rodier and
                  Vittore F. Scolari},
  title        = {koszullab/hicstuff},
  month        = oct,
  year         = 2020,
  publisher    = {Zenodo},
  version      = {v2.3.1},
  doi          = {10.5281/zenodo.4066363}
}

@article{tgsgapcloser,
  title={{TGS-GapCloser}: a fast and accurate gap closer for large genomes with low coverage of error-prone long reads},
  author={Xu, Mengyang and Guo, Lidong and Gu, Shengqiang and Wang, Ou and Zhang, Rui and Peters, Brock A and Fan, Guangyi and Liu, Xin and Xu, Xun and Deng, Li and others},
  journal={GigaScience},
  volume={9},
  number={9},
  pages={giaa094},
  year={2020},
  publisher={Oxford University Press}
}

@article{platanus-allee,
  title={Platanus-allee is a \textit{de novo} haplotype assembler enabling a comprehensive access to divergent heterozygous regions},
  author={Kajitani, Rei and Yoshimura, Dai and Okuno, Miki and Minakuchi, Yohei and Kagoshima, Hiroshi and Fujiyama, Asao and Kubokawa, Kaoru and Kohara, Yuji and Toyoda, Atsushi and Itoh, Takehiko},
  journal={Nature Communications},
  volume={10},
  number={1},
  pages={1--15},
  year={2019},
  publisher={Nature Publishing Group}
}

@phdthesis{bwise,
  title={Novel approaches for the exploitation of high throughput sequencing data.},
  author={Limasset, Antoine},
  year={2017},
  school={Université Rennes 1}
}

@article{potato,
  title={Haplotype-resolved genome analyses of a heterozygous diploid potato},
  author={Zhou, Qian and Tang, Di{\'e} and Huang, Wu and Yang, Zhongmin and Zhang, Yu and Hamilton, John P and Visser, Richard GF and Bachem, Christian WB and Buell, C Robin and Zhang, Zhonghua and others},
  journal={Nature Genetics},
  pages={1--6},
  year={2020},
  publisher={Nature Publishing Group}
}

@article{hapcut2,
  title={{HapCUT2}: robust and accurate haplotype assembly for diverse sequencing technologies},
  author={Edge, Peter and Bafna, Vineet and Bansal, Vikas},
  journal={Genome Research},
  volume={27},
  number={5},
  pages={801--812},
  year={2017},
  publisher={Cold Spring Harbor Lab}
}

@article{falcon-unzip,
  title={Phased diploid genome assembly with single-molecule real-time sequencing},
  author={Chin, Chen-Shan and Peluso, Paul and Sedlazeck, Fritz J and Nattestad, Maria and Concepcion, Gregory T and Clum, Alicia and Dunn, Christopher and O'Malley, Ronan and Figueroa-Balderas, Rosa and Morales-Cruz, Abraham and others},
  journal={Nature Methods},
  volume={13},
  number={12},
  pages={1050--1054},
  year={2016},
  publisher={Nature Publishing Group}
}

@article{falcon-phase,
  title={Extended haplotype-phasing of long-read de novo genome assemblies using Hi-C},
  author={Kronenberg, Zev N and Rhie, Arang and Koren, Sergey and Concepcion, Gregory T and Peluso, Paul and Munson, Katherine M and Porubsky, David and Kuhn, Kristen and Mueller, Kathryn A and Low, Wai Yee and others},
  journal={Nature Communications},
  volume={12},
  number={1},
  pages={1--10},
  year={2021},
  publisher={Nature Publishing Group}
}

%%%%% GRAPHUNZIP

@article{dipasm,
  title={Chromosome-scale, haplotype-resolved assembly of human genomes},
  author={Garg, Shilpa and Fungtammasan, Arkarachai and Carroll, Andrew and Chou, Mike and Schmitt, Anthony and Zhou, Xiang and Mac, Stephen and Peluso, Paul and Hatas, Emily and Ghurye, Jay and others},
  journal={Nature Biotechnology},
  volume={39},
  number={3},
  pages={309--312},
  year={2021},
  publisher={Nature Publishing Group}
}

@article{graphaligner,
  title={Graph\textsc{A}ligner: rapid and versatile sequence-to-graph alignment},
  author={Rautiainen, Mikko and Marschall, Tobias},
  journal={Genome Biology},
  volume={21},
  number={1},
  pages={1--28},
  year={2020},
  publisher={Springer}
}

%%%%% INSTAGRAAL

@misc{dtol,
title = {{Darwin Tree of Life, \url{https://www.darwintreeoflife.org}}},
author = {{Darwin Tree of Life}},
year = {2021}
}

@misc{vgp,
title = {{Vertebrate Genomes Project, \url{https://vertebrategenomesproject.org}}},
author = {{Vertebrate Genomes Project}},
year = {2021}
}

@article{graal,
  title={High-quality genome (re) assembly using chromosomal contact data},
  author={Marie-Nelly, Herv{\'e} and Marbouty, Martial and Cournac, Axel and Flot, Jean-Fran{\c{c}}ois and Liti, Gianni and Parodi, Dante Poggi and Syan, Sylvie and Guill{\'e}n, Nancy and Margeot, Antoine and Zimmer, Christophe and others},
  journal={Nature Communications},
  volume={5},
  number={1},
  pages={1--10},
  year={2014},
  publisher={Nature Publishing Group}
}


%%%%% ADINETA VAGA 


%%%%% ASTRANGIA POCULATA 

@article{peters1988nomenclature,
  title={Nomenclature and biology of \textit{Astrangia poculata} (= A. danae,= A. astreiformis)(Cnidaria: Anthozoa)},
  author={Peters, Esther C and Cairns, Stephen D and Pilson, MEQ and Wells, JW and Jaap, WC and Lang, JC and Vasleski, CE and St Pierre Gollahon, L},
  journal={Proceedings of the Biological Society of Washington},
  year={1988}
}

@article{dimond2013simple,
  title={A simple temperature-based model predicts the upper latitudinal limit of the temperate coral \textit{Astrangia poculata}},
  author={Dimond, JL and Kerwin, AH and Rotjan, R and Sharp, K and Stewart, FJ and Thornhill, DJ},
  journal={Coral Reefs},
  volume={32},
  number={2},
  pages={401--409},
  year={2013},
  publisher={Springer}
}

@article{acropora_millepora1,
  title={The whole-genome sequence of the coral \textit{Acropora millepora}},
  author={Ying, Hua and Hayward, David C and Cooke, Ira and Wang, Weiwen and Moya, Aurelie and Siemering, Kirby R and Sprungala, Susanne and Ball, Eldon E and For{\^e}t, Sylvain and Miller, David J},
  journal={Genome Biology and Evolution},
  volume={11},
  number={5},
  pages={1374--1379},
  year={2019},
  publisher={Oxford University Press}
}

@article{acropora_millepora2,
  title={{Population genetics of the coral Acropora millepora: Toward genomic prediction of bleaching}},
  author={Fuller, Zachary L and Mocellin, Veronique JL and Morris, Luke A and Cantin, Neal and Shepherd, Jihanne and Sarre, Luke and Peng, Julie and Liao, Yi and Pickrell, Joseph and Andolfatto, Peter and others},
  journal={Science},
  volume={369},
  number={6501},
  year={2020},
  publisher={American Association for the Advancement of Science}
}

@article{acropora_digitifera1,
  title={Using the \textit{Acropora digitifera} genome to understand coral responses to environmental change},
  author={Shinzato, Chuya and Shoguchi, Eiichi and Kawashima, Takeshi and Hamada, Mayuko and Hisata, Kanako and Tanaka, Makiko and Fujie, Manabu and Fujiwara, Mayuki and Koyanagi, Ryo and Ikuta, Tetsuro and others},
  journal={Nature},
  volume={476},
  number={7360},
  pages={320--323},
  year={2011},
  publisher={Nature Publishing Group}
}

@article{acropora_digitifera2,
  title={{Eighteen coral genomes reveal the evolutionary origin of \textit{Acropora} strategies to accommodate environmental changes}},
  author={Shinzato, Chuya and Khalturin, Konstantin and Inoue, Jun and Zayasu, Yuna and Kanda, Miyuki and Kawamitsu, Mayumi and Yoshioka, Yuki and Yamashita, Hiroshi and Suzuki, Go and Satoh, Noriyuki},
  journal={Molecular Biology and Evolution},
  volume={38},
  number={1},
  pages={16--30},
  year={2021},
  publisher={Oxford University Press}
}

@article{pocillopora_damicornis,
  title={Comparative analysis of the Pocillopora damicornis genome highlights role of immune system in coral evolution},
  author={Cunning, Ross and Bay, RA and Gillette, P and Baker, AC and Traylor-Knowles, N},
  journal={Scientific Reports},
  volume={8},
  number={1},
  pages={1--10},
  year={2018},
  publisher={Nature Publishing Group}
}

@article{montipora_capitata1,
  title={{Genome analysis of the rice coral \textit{Montipora capitata}}},
  author={Shumaker, Alexander and Putnam, Hollie M and Qiu, Huan and Price, Dana C and Zelzion, Ehud and Harel, Arye and Wagner, Nicole E and Gates, Ruth D and Yoon, Hwan Su and Bhattacharya, Debashish},
  journal={Scientific Reports},
  volume={9},
  number={1},
  pages={1--16},
  year={2019},
  publisher={Nature Publishing Group}
}

@article{montipora_capitata2,
  title={{Draft genome of the rice coral \textit{Montipora capitata} obtained from linked-read sequencing}},
  author={Helmkampf, Martin and Bellinger, M Renee and Geib, Scott M and Sim, Sheina B and Takabayashi, Misaki},
  journal={Genome Biology and Evolution},
  volume={11},
  number={7},
  pages={2045--2054},
  year={2019},
  publisher={Oxford University Press}
}

@article{dendronephthya_gigantea,
  title={{The draft genome of an octocoral, \textit{Dendronephthya gigantea}}},
  author={Jeon, Yeonsu and Park, Seung Gu and Lee, Nayun and Weber, Jessica A and Kim, Hui-Su and Hwang, Sung-Jin and Woo, Seonock and Kim, Hak-Min and Bhak, Youngjune and Jeon, Sungwon and others},
  journal={Genome Biology and Evolution},
  volume={11},
  number={3},
  pages={949--953},
  year={2019},
  publisher={Oxford University Press}
}

@article{xenia_sp,
  title={Lineage dynamics of the endosymbiotic cell type in the soft coral \textit{Xenia}},
  author={Hu, Minjie and Zheng, Xiaobin and Fan, Chen-Ming and Zheng, Yixian},
  journal={Nature},
  volume={582},
  number={7813},
  pages={534--538},
  year={2020},
  publisher={Nature Publishing Group}
}

@article{exaiptasia_pallida,
  title={{The genome of \textit{Aiptasia}, a sea anemone model for coral symbiosis}},
  author={Baumgarten, Sebastian and Simakov, Oleg and Esherick, Lisl Y and Liew, Yi Jin and Lehnert, Erik M and Michell, Craig T and Li, Yong and Hambleton, Elizabeth A and Guse, Annika and Oates, Matt E and others},
  journal={Proceedings of the National Academy of Sciences},
  volume={112},
  number={38},
  pages={11893--11898},
  year={2015},
  publisher={National Acad Sciences}
}

@article{nematostella_vectensis,
  title={Sea anemone genome reveals ancestral eumetazoan gene repertoire and genomic organization},
  author={Putnam, Nicholas H and Srivastava, Mansi and Hellsten, Uffe and Dirks, Bill and Chapman, Jarrod and Salamov, Asaf and Terry, Astrid and Shapiro, Harris and Lindquist, Erika and Kapitonov, Vladimir V and others},
  journal={Science},
  volume={317},
  number={5834},
  pages={86--94},
  year={2007},
  publisher={American Association for the Advancement of Science}
}

@article{renilla_muelleri,
  title={{A hybrid \textit{de novo} assembly of the sea pansy (\textit{Renilla muelleri}) genome}},
  author={Jiang, Justin B and Quattrini, Andrea M and Francis, Warren R and Ryan, Joseph F and Rodriguez, Estefania and McFadden, Catherine S},
  journal={GigaScience},
  volume={8},
  number={4},
  pages={giz026},
  year={2019},
  publisher={Oxford University Press}
}

@article{amplexidiscus_fenestrafer,
  title={{Draft genomes of the corallimorpharians \textit{Amplexidiscus fenestrafer} and \textit{Discosoma} sp.}},
  author={Wang, Xin and Liew, Yi Jin and Li, Yong and Zoccola, Didier and Tambutte, Sylvie and Aranda, Manuel},
  journal={Molecular ecology resources},
  volume={17},
  number={6},
  pages={e187--e195},
  year={2017},
  publisher={Wiley Online Library}
}

@article{paramuricea_clavata,
  title={{The genome sequence of the octocoral \textit{Paramuricea clavata} - a key resource to study the impact of climate change in the Mediterranean}},
  author={Ledoux, Jean-Baptiste and Cruz, Fernando and G{\'o}mez-Garrido, J{\`e}ssica and Antoni, Regina and Blanc, Julie and G{\'o}mez-Gras, Daniel and Kipson, Silvija and L{\'o}pez-Sendino, Paula and Antunes, Agostinho and Linares, Cristina and others},
  journal={G3: Genes, Genomes, Genetics},
  volume={10},
  number={9},
  pages={2941--2952},
  year={2020},
  publisher={Oxford University Press}
}

@article{actinia_equina,
  title={{The genome of the sea anemone \textit{Actinia equina} (L.): Meiotic toolkit genes and the question of sexual reproduction}},
  author={Wilding, Craig S and Fletcher, Nicola and Smith, Eleanor K and Prentis, Peter and Weedall, Gareth D and Stewart, Zac},
  journal={Marine Genomics},
  volume={53},
  pages={100753},
  year={2020},
  publisher={Elsevier}
}

@article{actinia_tenebrosa,
  title={{The draft genome of \textit{Actinia tenebrosa} reveals insights into toxin evolution}},
  author={Surm, Joachim M and Stewart, Zachary K and Papanicolaou, Alexie and Pavasovic, Ana and Prentis, Peter J},
  journal={Ecology and Evolution},
  volume={9},
  number={19},
  pages={11314--11328},
  year={2019},
  publisher={Wiley Online Library}
}

@article{orbicella_faveolata,
  title={Empty niches after extinctions increase population sizes of modern corals},
  author={Prada, Carlos and Hanna, Bishoy and Budd, Ann F and Woodley, Cheryl M and Schmutz, Jeremy and Grimwood, Jane and Iglesias-Prieto, Roberto and Pandolfi, John M and Levitan, Don and Johnson, Kenneth G and others},
  journal={Current Biology},
  volume={26},
  number={23},
  pages={3190--3194},
  year={2016},
  publisher={Elsevier}
}

@article{stylophora_pistillata,
  title={Comparative analysis of the genomes of \textit{Stylophora pistillata} and \textit{Acropora digitifera} provides evidence for extensive differences between species of corals},
  author={Voolstra, Christian R and Li, Yong and Liew, Yi Jin and Baumgarten, Sebastian and Zoccola, Didier and Flot, Jean-Fran{\c{c}}ois and Tambutt{\'e}, Sylvie and Allemand, Denis and Aranda, Manuel},
  journal={Scientific Reports},
  volume={7},
  number={1},
  pages={1--14},
  year={2017},
  publisher={Nature Publishing Group}
}

@article{hic_genomes,
  title={{3D genomics across the tree of life reveals condensin II as a determinant of architecture type}},
  author={Hoencamp, Claire and Dudchenko, Olga and Elbatsh, Ahmed MO and Brahmachari, Sumitabha and
Raaijmakers, Jonne A and van Schaik, Tom and Sedeño Cacciatore, Ángela and Contessoto, Vinícius G and 
van Heesbeen, Roy GHP and van den Broek, Bram and Mhaskar, Aditya N and Teunissen, Hans and St Hilaire, Brian Glenn and Weisz, David and Omer, Arina D and Pham, Melanie and Colaric, Zane and Yang, Zhenzhen and Rao, Suhas SP and Mitra, Namita and Lui, Christopher and Yao, Weijie and Khan, Ruqayya and Moroz, Leonid L and Kohn, Andrea and St. Leger, Judy and Mena, Alexandria and Holcroft, Karen and Gambetta, Maria Cristina and Lim, Fabian and Farley, Emma and Stein, Nils and Haddad, Alexander and Chauss, Daniel and Sena Mutlu, Ayse and Wang, Meng C and Young, Neil D and Hildebrandt, Evin and Cheng, Hans H and Knight, Christopher J and Burnham, Theresa LU and Hovel, Kevin A and Beel, Andrew J and Mattei, Pierre-Jean and Kornberg, Roger D and Warren, Wesley C and Cary, Gregory and Gómez-Skarmeta, José Luis and Hinman, Veronica and Lindblad-Toh, Kerstin and 
Di Palma, Federica and Maeshima, Kazuhiro and Multani, Asha S and Pathak, Sen and Nel-Themaat, Liesl and 
Behringer, Richard R and Kaur, Parwinder and Medema, René H and van Steensel, Bas and de Wit, Elzo and 
Onuchic, José N and Di Pierro, Michele and Aiden, Erez Lieberman and Rowland, Benjamin D},
  journal={Science},
  volume={372},
  number={6545},
  pages={984--989},
  year={2021},
  publisher={American Association for the Advancement of Science}
}

%%%%% CHAETOGNATH

@article{alvarino1964bathymetric,
  title={Bathymetric distribution of chaetognaths},
  author={Alvarino, Angeles},
  year={1964},
  publisher={University of Hawai'i Press},
  journal={Pacific Science},
  volume={XVIII}
}

@article{ghirardelli1969,
  title={Some aspects of the biology of the chaetognaths},
  author={Ghirardelli, Elvezio},
  journal={Advances in Marine Biology},
  volume={6},
  pages={271--375},
  year={1969},
  publisher={Elsevier}
}

@book{michel1984,
  title={{Chaetognatha of the Caribbean Sea and adjacent areas}},
  author={Michel, Harding B},
  volume={15},
  year={1984},
  publisher={National Oceanic and Atmospheric Administration, National Marine Fisheries}
}

@article{wada1994details,
  title={{Details of the evolutionary history from invertebrates to vertebrates, as deduced from the sequences of 18S rDNA.}},
  author={Wada, Hiroshi and Satoh, Noriyuki},
  journal={Proceedings of the National Academy of Sciences},
  volume={91},
  number={5},
  pages={1801--1804},
  year={1994},
  publisher={National Acad Sciences}
}

@article{telford1993phylogenetic,
  title={{The Phylogenetic Affinities of the Chaetognaths: A Molecular Analysis.}},
  author={Telford, Maximilian J and Holland, Peter WH},
  journal={Molecular Biology and Evolution},
  volume={10},
  number={3},
  pages={660--676},
  year={1993}
}

@book{nielsen2011,
  title={Animal evolution: interrelationships of the living phyla},
  author={Nielsen, Claus},
  year={2011},
  publisher={Oxford University Press on Demand}
}

@article{telford1997evolution,
  title={{Evolution of 28S Ribosomal DNA in Chaetognaths: Duplicate Genes and Molecular Phylogeny}},
  author={Telford, Maximilian J and Holland, Peter WH},
  journal={Journal of Molecular Evolution},
  volume={44},
  number={2},
  pages={135--144},
  year={1997},
  publisher={Springer}
}

@misc{animal_genome_size,
title = {{Animal Genome Size Database, \url{http://www.genomesize.com}}},
author = {Gregory, T Ryan},
year = {2021}
}

@article{marletaz2019new,
  title={A new spiralian phylogeny places the enigmatic arrow worms among gnathiferans},
  author={Marl{\'e}taz, Ferdinand and Peijnenburg, Katja TCA and Goto, Taichiro and Satoh, Noriyuki and Rokhsar, Daniel S},
  journal={Current Biology},
  volume={29},
  number={2},
  pages={312--318},
  year={2019},
  publisher={Elsevier}
}

%%%%%% INTRO

@misc{red_list,
title = {{Red List, \url{www.iucnredlist.org/resources/summary-statistics}}},
author = {{International Union for Conservation of Nature}},
year = {Accessed on May 4th, 2021}
}

@misc{aquatic_symbiosis,
title = {{Aquatic Symbiosis Genomics Project, \url{www.sanger.ac.uk/collaboration/aquatic-symbiosis-genomics-project}}},
author = {{Aquatic Symbiosis Genomics Project}},
year = {2021}
}

@misc{erga,
title = {{European Reference Genome Atlas, \url{www.erga-biodiversity.eu}}},
author = {{European Reference Genome Atlas}},
year = {2021}
}

@book{timetree,
  title={The timetree of life},
  author={Hedges, S Blair and Kumar, Sudhir},
  year={2009},
  publisher={OUP Oxford}
}

@article{takeuchi2017,
  title={Molluscan genomics: implications for biology and aquaculture},
  author={Takeuchi, Takeshi},
  journal={Current Molecular Biology Reports},
  volume={3},
  number={4},
  pages={297--305},
  year={2017},
  publisher={Springer}
}

@article{greedy,
  title={A greedy approximation algorithm for constructing shortest common superstrings},
  author={Tarhio, Jorma and Ukkonen, Esko},
  journal={Theoretical Computer Science},
  volume={57},
  number={1},
  pages={131--145},
  year={1988},
  publisher={Elsevier}
}

@article{flyesaintemarie,
  title={48},
  author={Flye Sainte-Marie, Camille},
  year={1894},
journal={L'Intermédiaire des Mathématiciens},
  volume={1},
  pages={107--110}
}

@article{novoplasty,
  title={{NOVOPlasty}: \textit{de novo} assembly of organelle genomes from whole genome data},
  author={Dierckxsens, Nicolas and Mardulyn, Patrick and Smits, Guillaume},
  journal={Nucleic Acids Research},
  volume={45},
  number={4},
  pages={e18--e18},
  year={2017},
  publisher={Oxford University Press}
}

@article{prather2013,
  title={Invertebrates, ecosystem services and climate change},
  author={Prather, Chelse M and Pelini, Shannon L and Laws, Angela and Rivest, Emily and Woltz, Megan and Bloch, Christopher P and Del Toro, Israel and Ho, Chuan-Kai and Kominoski, John and Newbold, TA Scott and others},
  journal={Biological Reviews},
  volume={88},
  number={2},
  pages={327--348},
  year={2013},
  publisher={Wiley Online Library}
}

@article{gomes2020,
  title={Molluscan genomics: the road so far and the way forward},
  author={Gomes-dos-Santos, Andre and Lopes-Lima, Manuel and Castro, L Filipe C and Froufe, Elsa},
  journal={Hydrobiologia},
  volume={847},
  number={7},
  pages={1705--1726},
  year={2020},
  publisher={Springer}
}

@article{conci2021,
  title={{The Biology and Evolution of Calcite and Aragonite Mineralization in Octocorallia}},
  author={Conci, Nicola and Vargas, Sergio and W{\"o}rheide, Gert},
  journal={Frontiers in Ecology and Evolution},
  volume={9},
  pages={81},
  year={2021},
  publisher={Frontiers}
}

@article{clark2020,
  title={Molecular mechanisms of biomineralization in marine invertebrates},
  author={Clark, Melody S},
  journal={Journal of Experimental Biology},
  volume={223},
  number={11},
  year={2020},
  publisher={The Company of Biologists Ltd}
}

@article{ng2015,
  title={Antibacterial products of marine organisms},
  author={Ng, Tzi Bun and Cheung, Randy Chi Fai and Wong, Jack Ho and Bekhit, Adnan A and Bekhit, Alaa El-Din},
  journal={Applied Microbiology and Biotechnology},
  volume={99},
  number={10},
  pages={4145--4173},
  year={2015},
  publisher={Springer}
}

@article{carroll2021,
  title={Marine natural products},
  author={Carroll, Anthony R and Copp, Brent R and Davis, Rohan A and Keyzers, Robert A and Prinsep, Mich{\`e}le R},
  journal={Natural Product Reports},
  year={2021},
  publisher={Royal Society of Chemistry}
}

@article{khalifa2019,
  title={{Marine natural products: A source of novel anticancer drugs}},
  author={Khalifa, Shaden AM and Elias, Nizar and Farag, Mohamed A and Chen, Lei and Saeed, Aamer and Hegazy, Mohamed-Elamir F and Moustafa, Moustafa S and El-Wahed, Abd and Al-Mousawi, Saleh M and Musharraf, Syed G and others},
  journal={Marine Drugs},
  volume={17},
  number={9},
  pages={491},
  year={2019},
  publisher={Multidisciplinary Digital Publishing Institute}
}

@article{avila2020,
  title={Terpenoids in marine heterobranch molluscs},
  author={Avila, Conxita},
  journal={Marine Drugs},
  volume={18},
  number={3},
  pages={162},
  year={2020},
  publisher={Multidisciplinary Digital Publishing Institute}
}

@article{marinotti2013,
  title={The genome of Anopheles darlingi, the main neotropical malaria vector},
  author={Marinotti, Osvaldo and Cerqueira, Gustavo C and De Almeida, Luiz Gonzaga Paula and Ferro, Maria In{\^e}s Tiraboschi and Loreto, Elgion Lucio da Silva and Zaha, Arnaldo and Teixeira, Santuza MR and Wespiser, Adam R and Almeida e Silva, Alexandre and Schlindwein, Aline Daiane and others},
  journal={Nucleic Acids Research},
  volume={41},
  number={15},
  pages={7387--7400},
  year={2013},
  publisher={Oxford University Press}
}

@article{chen2016,
  title={The draft genome of whitefly Bemisia tabaci MEAM1, a global crop pest, provides novel insights into virus transmission, host adaptation, and insecticide resistance},
  author={Chen, Wenbo and Hasegawa, Daniel K and Kaur, Navneet and Kliot, Adi and Pinheiro, Patricia Valle and Luan, Junbo and Stensmyr, Marcus C and Zheng, Yi and Liu, Wenli and Sun, Honghe and others},
  journal={BMC Biology},
  volume={14},
  number={1},
  pages={1--15},
  year={2016},
  publisher={BioMed Central}
}

@article{noriega2018,
  title={Research trends in ecosystem services provided by insects},
  author={Noriega, Jorge Ari and Hortal, Joaqu{\'\i}n and Azc{\'a}rate, Francisco M and Berg, Matty P and Bonada, N{\'u}ria and Briones, Maria JI and Del Toro, Israel and Goulson, Dave and Ibanez, S{\'e}bastien and Landis, Douglas A and others},
  journal={Basic and Applied Ecology},
  volume={26},
  pages={8--23},
  year={2018},
  publisher={Elsevier}
}

@article{li2019,
  title={Insect genomes: progress and challenges},
  author={Li, Fei and Zhao, Xianxin and Li, Meizhen and He, Kang and Huang, Cong and Zhou, Yuenan and Li, Zekai and Walters, James R},
  journal={Insect Molecular Biology},
  volume={28},
  number={6},
  pages={739--758},
  year={2019},
  publisher={Wiley Online Library}
}

@incollection{Han2019,
  doi = {10.1007/978-94-024-1612-1_15},
  year = {2019},
  publisher = {Springer Netherlands},
  pages = {329--463},
  author = {Bing-Nan Han and Li-Li Hong and Bin-Bin Gu and Yang-Ting Sun and Jie Wang and Jin-Tang Liu and Hou-Wen Lin},
  title = {Natural Products from Sponges},
  booktitle = {Symbiotic Microbiomes of Coral Reefs Sponges and Corals}
}

@incollection{Zhang2013,
    doi= {https://doi.org/10.11646/zootaxa.3703.1.3},
    year = {2013},
    publisher = {Magnolia Press},
    volume = {3703},
    pages = {1-82},
    author = {Zhi-Qiang Zhang},
    title = {Animal biodiversity: An update of classification and diversity in 2013},
    booktitle = {Animal  Biodiversity:  An  Outline  of  Higher-level  Classification  and  Survey  of  Taxonomic  Richness (Addenda 2013)}
}

@article{biogenome,
  title={Earth BioGenome Project: Sequencing life for the future of life},
  author={Lewin, Harris A and Robinson, Gene E and Kress, W John and Baker, William J and Coddington, Jonathan and Crandall, Keith A and Durbin, Richard and Edwards, Scott V and Forest, F{\'e}lix and Gilbert, M Thomas P and others},
  journal={Proceedings of the National Academy of Sciences},
  volume={115},
  number={17},
  pages={4325--4333},
  year={2018},
  publisher={National Acad Sciences}
}

@article{rice2019,
  title={New approaches for genome assembly and scaffolding},
  author={Rice, Edward S and Green, Richard E},
  journal={Annual review of animal biosciences},
  volume={7},
  pages={17--40},
  year={2019},
  publisher={Annual Reviews}
}

@article{blast,
  title={Basic local alignment search tool},
  author={Altschul, Stephen F and Gish, Warren and Miller, Webb and Myers, Eugene W and Lipman, David J},
  journal={Journal of Molecular Biology},
  volume={215},
  number={3},
  pages={403--410},
  year={1990},
  publisher={Elsevier}
}

@article{phylogenomics,
  title={Phylogenetic tree building in the genomic age},
  author={Kapli, Paschalia and Yang, Ziheng and Telford, Maximilian J},
  journal={Nature Reviews Genetics},
  volume={21},
  number={7},
  pages={428--444},
  year={2020},
  publisher={Nature Publishing Group}
}

@article{shinzato2011,
  title={Using the \textit{Acropora digitifera} genome to understand coral responses to environmental change},
  author={Shinzato, Chuya and Shoguchi, Eiichi and Kawashima, Takeshi and Hamada, Mayuko and Hisata, Kanako and Tanaka, Makiko and Fujie, Manabu and Fujiwara, Mayuki and Koyanagi, Ryo and Ikuta, Tetsuro and others},
  journal={Nature},
  volume={476},
  number={7360},
  pages={320--323},
  year={2011},
  publisher={Nature Publishing Group}
}

@article{mao2018,
  title={The roles of introgression and climate change in the rise to dominance of Acropora corals},
  author={Mao, Yafei and Economo, Evan P and Satoh, Noriyuki},
  journal={Current Biology},
  volume={28},
  number={21},
  pages={3373--3382},
  year={2018},
  publisher={Elsevier}
}

@article{shinzato2021,
  title={Eighteen coral genomes reveal the evolutionary origin of Acropora strategies to accommodate environmental changes},
  author={Shinzato, Chuya and Khalturin, Konstantin and Inoue, Jun and Zayasu, Yuna and Kanda, Miyuki and Kawamitsu, Mayumi and Yoshioka, Yuki and Yamashita, Hiroshi and Suzuki, Go and Satoh, Noriyuki},
  journal={Molecular Biology and Evolution},
  volume={38},
  number={1},
  pages={16--30},
  year={2021},
  publisher={Oxford University Press}
}

@article{fuller2020,
  title={Population genetics of the coral Acropora millepora: Toward genomic prediction of bleaching},
  author={Fuller, Zachary L and Mocellin, Veronique JL and Morris, Luke A and Cantin, Neal and Shepherd, Jihanne and Sarre, Luke and Peng, Julie and Liao, Yi and Pickrell, Joseph and Andolfatto, Peter and others},
  journal={Science},
  volume={369},
  number={6501},
  year={2020},
  publisher={American Association for the Advancement of Science}
}

@article{Sanger1977,
author = {Sanger, Frederick and Nicklen, Steven and Coulson, Alan R},
doi = {10.1073/pnas.74.12.5463},
file = {:home/nadege/T{\'{e}}l{\'{e}}chargements/pnas00043-0271.pdf:pdf},
issn = {1873233X},
journal = {Proceedings of the National Academy of Sciences},
title = {{DNA sequencing with chain-terminating inhibitors.}},
year = {1977}
}

@article{saccharomyces_cerevisiae,
  title={Life with 6000 genes},
  author={Goffeau, Andr{\'e} and Barrell, Bart G and Bussey, Howard and Davis, Ronald W and Dujon, Bernard and Feldmann, Heinz and Galibert, Francis and Hoheisel, J{\"o}rg D and Jacq, Claude and Johnston, Michael and others},
  journal={Science},
  volume={274},
  number={5287},
  pages={546--567},
  year={1996},
  publisher={American Association for the Advancement of Science}
}

@article{Wajid2016,
author = {Wajid, Bilal and Sohail, Muhammad U. and Ekti, Ali R. and Serpedin, Erchin},
doi = {10.1155/2016/6329217},
issn = {2314-6133},
journal = {BioMed Research International},
month = {may},
pages = {1--10},
publisher = {Hindawi},
title = {{The A, C, G, and T of genome assembly}},
volume = {2016},
year = {2016}
}

@article{guiglielmoni2020,
  title={Overcoming uncollapsed haplotypes in long-read assemblies of non-model organisms},
  author={Guiglielmoni, Nad{\`e}ge and Houtain, Antoine and Derzelle, Alessandro and van Doninck, Karine and Flot, Jean-Fran{\c{c}}ois},
  journal={bioRxiv},
  year={2020},
  doi = {doi.org/10.1101/2020.03.16.993428},
  publisher={Cold Spring Harbor Laboratory}
}

@article{ko2021widespread,
  title={Widespread false gene gains caused by duplication errors in genome assemblies},
  author={Ko, Byung June and Lee, Chul and Kim, Juwan and Rhie, Arang and Yoo, DongAhn and Howe, Kerstin and Wood, Jonathan and Cho, Seoae and Brown, Samara and Formenti, Giulio and others},
  journal={bioRxiv},
  year={2021},
  publisher={Cold Spring Harbor Laboratory}
}

@article{pyrosequencing,
author={Margulies, Marcel and Egholm, Michael and Altman, William E and Attiya, Said and Bader, Joel S and Bemben, Lisa A and Berka, Jan and Braverman, Michael S and Chen, Yi-Ju and Chen, Zhoutao and others},
doi = {10.1038/nature03959},
file = {:home/nadege/T{\'{e}}l{\'{e}}chargements/nature03959.pdf:pdf},
issn = {00280836},
journal = {Nature},
number = {7057},
pages = {376--380},
pmid = {16056220},
title = {{Genome sequencing in microfabricated high-density picolitre reactors}},
volume = {437},
year = {2005}
}

@article{illumina,
author = {Bentley, David R. and Balasubramanian, Shankar and Swerdlow, Harold P. and Smith, Geoffrey P. and Milton, John and Brown, Clive G. and Hall, Kevin P. and Evers, Dirk J. and Barnes, Colin L. and Bignell, Helen R. and Boutell, Jonathan M. and Bryant, Jason and Carter, Richard J. and {Keira Cheetham}, R. and Cox, Anthony J. and Ellis, Darren J. and Flatbush, Michael R. and Gormley, Niall A. and Humphray, Sean J. and Irving, Leslie J. and Karbelashvili, Mirian S. and Kirk, Scott M. and Li, Heng and Liu, Xiaohai and Maisinger, Klaus S. and Murray, Lisa J. and Obradovic, Bojan and Ost, Tobias and Parkinson, Michael L. and Pratt, Mark R. and Rasolonjatovo, Isabelle M.J. and Reed, Mark T. and Rigatti, Roberto and Rodighiero, Chiara and Ross, Mark T. and Sabot, Andrea and Sankar, Subramanian V. and Scally, Aylwyn and Schroth, Gary P. and Smith, Mark E. and Smith, Vincent P. and Spiridou, Anastassia and Torrance, Peta E. and Tzonev, Svilen S. and Vermaas, Eric H. and Walter, Klaudia and Wu, Xiaolin and Zhang, Lu and Alam, Mohammed D. and Anastasi, Carole and Aniebo, Ify C. and Bailey, David M.D. and Bancarz, Iain R. and Banerjee, Saibal and Barbour, Selena G. and Baybayan, Primo A. and Benoit, Vincent A. and Benson, Kevin F. and Bevis, Claire and Black, Phillip J. and Boodhun, Asha and Brennan, Joe S. and Bridgham, John A. and Brown, Rob C. and Brown, Andrew A. and Buermann, Dale H. and Bundu, Abass A. and Burrows, James C. and Carter, Nigel P. and Castillo, Nestor and Catenazzi, Maria Chiara E. and Chang, Simon and {Neil Cooley}, R. and Crake, Natasha R. and Dada, Olubunmi O. and Diakoumakos, Konstantinos D. and Dominguez-Fernandez, Belen and Earnshaw, David J. and Egbujor, Ugonna C. and Elmore, David W. and Etchin, Sergey S. and Ewan, Mark R. and Fedurco, Milan and Fraser, Louise J. and {Fuentes Fajardo}, Karin V. and {Scott Furey}, W. and George, David and Gietzen, Kimberley J. and Goddard, Colin P. and Golda, George S. and Granieri, Philip A. and Green, David E. and Gustafson, David L. and Hansen, Nancy F. and Harnish, Kevin and Haudenschild, Christian D. and Heyer, Narinder I. and Hims, Matthew M. and Ho, Johnny T. and Horgan, Adrian M. and Hoschler, Katya and Hurwitz, Steve and Ivanov, Denis V. and Johnson, Maria Q. and James, Terena and {Huw Jones}, T. A. and Kang, Gyoung Dong and Kerelska, Tzvetana H. and Kersey, Alan D. and Khrebtukova, Irina and Kindwall, Alex P. and Kingsbury, Zoya and Kokko-Gonzales, Paula I. and Kumar, Anil and Laurent, Marc A. and Lawley, Cynthia T. and Lee, Sarah E. and Lee, Xavier and Liao, Arnold K. and Loch, Jennifer A. and Lok, Mitch and Luo, Shujun and Mammen, Radhika M. and Martin, John W. and McCauley, Patrick G. and McNitt, Paul and Mehta, Parul and Moon, Keith W. and Mullens, Joe W. and Newington, Taksina and Ning, Zemin and {Ling Ng}, Bee and Novo, Sonia M. and O'Neill, Michael J. and Osborne, Mark A. and Osnowski, Andrew and Ostadan, Omead and Paraschos, Lambros L. and Pickering, Lea and Pike, Andrew C. and Pike, Alger C. and {Chris Pinkard}, D. and Pliskin, Daniel P. and Podhasky, Joe and Quijano, Victor J. and Raczy, Come and Rae, Vicki H. and Rawlings, Stephen R. and {Chiva Rodriguez}, Ana and Roe, Phyllida M. and Rogers, John and {Rogert Bacigalupo}, Maria C. and Romanov, Nikolai and Romieu, Anthony and Roth, Rithy K. and Rourke, Natalie J. and Ruediger, Silke T. and Rusman, Eli and Sanches-Kuiper, Raquel M. and Schenker, Martin R. and Seoane, Josefina M. and Shaw, Richard J. and Shiver, Mitch K. and Short, Steven W. and Sizto, Ning L. and Sluis, Johannes P. and Smith, Melanie A. and {Ernest Sohna Sohna}, Jean and Spence, Eric J. and Stevens, Kim and Sutton, Neil and Szajkowski, Lukasz and Tregidgo, Carolyn L. and Turcatti, Gerardo and Vandevondele, Stephanie and Verhovsky, Yuli and Virk, Selene M. and Wakelin, Suzanne and Walcott, Gregory C. and Wang, Jingwen and Worsley, Graham J. and Yan, Juying and Yau, Ling and Zuerlein, Mike and Rogers, Jane and Mullikin, James C. and Hurles, Matthew E. and McCooke, Nick J. and West, John S. and Oaks, Frank L. and Lundberg, Peter L. and Klenerman, David and Durbin, Richard and Smith, Anthony J.},
doi = {10.1038/nature07517},
file = {:home/nadege/T{\'{e}}l{\'{e}}chargements/nature07517.pdf:pdf},
issn = {00280836},
journal = {Nature},
number = {7218},
pages = {53--59},
pmid = {18987734},
title = {{Accurate whole human genome sequencing using reversible terminator chemistry}},
volume = {456},
year = {2008}
}

@article{venter2001,
  title={{The Sequence of the Human Genome}},
  author={Venter, J Craig and Adams, Mark D and Myers, Eugene W and Li, Peter W and Mural, Richard J and Sutton, Granger G and Smith, Hamilton O and Yandell, Mark and Evans, Cheryl A and Holt, Robert A and others},
  journal={Science},
  volume={291},
  number={5507},
  pages={1304--1351},
  year={2001},
  publisher={American Association for the Advancement of Science}
}

@article{firsthumangenome,
  title={Initial sequencing and analysis of the human genome},
  author={{International Human Genome Sequencing Consortium and others}},
  journal={Nature},
  volume={409},
  number={6822},
  pages={860--921},
  year={2001}
}


@article{pop2008,
  title={Bioinformatics challenges of new sequencing technology},
  author={Pop, Mihai and Salzberg, Steven L},
  doi={10.1016/j.tig.2007.12.006},
  journal={Trends in Genetics},
  volume={24},
  number={3},
  pages={142--149},
  year={2008},
  publisher={Elsevier}
}

@article{dna-extraction,
  title={Optimization of high molecular weight {DNA} extraction methods in shrimp for a long-read sequencing platform},
  author={Angthong, Pacharaporn and Uengwetwanit, Tanaporn and Pootakham, Wirulda and Sittikankaew, Kanchana and Sonthirod, Chutima and Sangsrakru, Duangjai and Yoocha, Thippawan and Nookaew, Intawat and Wongsurawat, Thidathip and Jenjaroenpun, Piroon and others},
  journal={PeerJ},
  volume={8},
  pages={e10340},
  year={2020},
  publisher={PeerJ Inc.}
}

@article{metzker2010,
  title={Sequencing technologies — the next generation},
  author={Metzker, Michael L},
  journal={Nature Reviews Genetics},
  volume={11},
  number={1},
  pages={31--46},
  year={2010},
  publisher={Nature Publishing Group}
}

@article{iontorrent,
author={Rothberg, Jonathan M and Hinz, Wolfgang and Rearick, Todd M and Schultz, Jonathan and Mileski, William and Davey, Mel and Leamon, John H and Johnson, Kim and Milgrew, Mark J and Edwards, Matthew and others},
doi = {10.1038/nature10242},
file = {:home/nadege/T{\'{e}}l{\'{e}}chargements/nature10242.pdf:pdf},
issn = {00280836},
journal = {Nature},
number = {7356},
pages = {348--352},
pmid = {21776081},
publisher = {Nature Publishing Group},
title = {{An integrated semiconductor device enabling non-optical genome sequencing}},
volume = {475},
year = {2011}
}

@article{solid,
author = {McKernan, Kevin Judd and Peckham, Heather E. and Costa, Gina L. and McLaughlin, Stephen F. and Fu, Yutao and Tsung, Eric F. and Clouser, Christopher R. and Duncan, Cisyla and Ichikawa, Jeffrey K. and Lee, Clarence C. and Zhang, Zheng and Ranade, Swati S. and Dimalanta, Eileen T. and Hyland, Fiona C. and Sokolsky, Tanya D. and Zhang, Lei and Sheridan, Andrew and Fu, Haoning and Hendrickson, Cynthia L. and Li, Bin and Kotler, Lev and Stuart, Jeremy R. and Malek, Joel A. and Manning, Jonathan M. and Antipova, Alena A. and Perez, Damon S. and Moore, Michael P. and Hayashibara, Kathleen C. and Lyons, Michael R. and Beaudoin, Robert E. and Coleman, Brittany E. and Laptewicz, Michael W. and Sannicandro, Adam E. and Rhodes, Michael D. and Gottimukkala, Rajesh K. and Yang, Shan and Bafna, Vineet and Bashir, Ali and MacBride, Andrew and Alkan, Can and Kidd, Jeffrey M. and Eichler, Evan E. and Reese, Martin G. and {De La Vega}, Francisco M. and Blanchard, Alan P.},
doi = {10.1101/gr.091868.109},
issn = {10889051},
journal = {Genome Research},
number = {9},
pages = {1527--1541},
title = {{Sequence and structural variation in a human genome uncovered by short-read, massively parallel ligation sequencing using two-base encoding}},
volume = {19},
year = {2009}
}

@article{pollard2018,
author = {Pollard, Martin O. and Gurdasani, Deepti and Mentzer, Alexander J. and Porter, Tarryn and Sandhu, Manjinder S.},
doi = {10.1093/hmg/ddy177},
issn = {14602083},
journal = {Human Molecular Genetics},
number = {R2},
pages = {R234--R241},
title = {{Long reads: their purpose and place}},
volume = {27},
year = {2018}
}

@article{pacbio_smrt,
author = {Eid, John and Fehr, Adrian and Gray, Jeremy and Luong, Khai and Lyle, John and Otto, Geoff and Peluso, Paul and Rank, David and Baybayan, Primo and Bettman, Brad and Bibillo, Arkadiusz and Bjornson, Keith and Chaudhuri, Bidhan and Christians, Frederick and Cicero, Ronald and Clark, Sonya and Dalal, Ravindra and DeWinter, Alex and Dixon, John and Foquet, Mathieu and Gaertner, Alfred and Hardenbol, Paul and Heiner, Cheryl and Hester, Kevin and Holden, David and Kearns, Gregory and Kong, Xiangxu and Kuse, Ronald and Lacroix, Yves and Lin, Steven and Lundquist, Paul and Ma, Congcong and Marks, Patrick and Maxham, Mark and Murphy, Devon and Park, Insil and Pham, Thang and Phillips, Michael and Roy, Joy and Sebra, Robert and Shen, Gene and Sorenson, Jon and Tomaney, Austin and Travers, Kevin and Trulson, Mark and Vieceli, John and Wegener, Jeffrey and Wu, Dawn and Yang, Alicia and Zaccarin, Denis and Zhao, Peter and Zhong, Frank and Korlach, Jonas and Turner, Stephen},
doi = {10.1126/science.1162986},
file = {:home/nadege/T{\'{e}}l{\'{e}}chargements/eid2009.pdf:pdf},
issn = {00368075},
journal = {Science},
number = {5910},
pages = {133--138},
pmid = {19023044},
title = {{Real-time DNA sequencing from single polymerase molecules}},
volume = {323},
year = {2009}
}

@article{pacbio_ccs,
author = {Wenger, Aaron M and Peluso, Paul and Rowell, William J and Chang, Pi-chuan and Hall, Richard J and Concepcion, Gregory T and Ebler, Jana and Fungtammasan, Arkarachai and Kolesnikov, Alexey and Olson, Nathan D and T{\"{o}}pfer, Armin and Alonge, Michael and Mahmoud, Medhat and Qian, Yufeng and Chin, Chen-shan and Phillippy, Adam M and Schatz, Michael C and Myers, Gene and Depristo, Mark A and Ruan, Jue and Marschall, Tobias and Sedlazeck, Fritz J and Zook, Justin M and Li, Heng and Koren, Sergey and Carroll, Andrew and Rank, David R and Hunkapiller, Michael W},
doi = {10.1038/s41587-019-0217-9},
isbn = {4158701902},
issn = {1546-1696},
journal = {Nature Biotechnology},
number = {October},
publisher = {Springer US},
title = {{Accurate circular consensus long-read sequencing improves variant detection and assembly of a human genome}},
volume = {37},
year = {2019}
}

@article{nanopore,
author = {Deamer, David and Akeson, Mark and Branton, Daniel},
doi = {10.1038/nbt.3423},
issn = {15461696},
journal = {Nature Biotechnology},
number = {5},
pages = {518--524},
publisher = {Nature Publishing Group},
title = {{Three decades of Nanopore sequencing}},
volume = {34},
year = {2016}
}

@article{minion,
author = {Jain, Miten and Olsen, Hugh E. and Paten, Benedict and Akeson, Mark},
doi = {10.1186/s13059-016-1103-0},
issn = {1474-760X},
journal = {Genome Biology},
number = {1},
pages = {1--11},
publisher = {Genome Biology},
title = {{The Oxford Nanopore MinION: delivery of nanopore sequencing to the genomics community}},
volume = {17},
year = {2016}
}

@article{basecallers,
author = {Wick, Ryan R. and Judd, Louise M. and Holt, Kathryn E.},
doi = {10.1186/s13059-019-1727-y},
issn = {1474760X},
journal = {Genome Biology},
keywords = {Basecalling,Long-read sequencing,Oxford Nanopore},
number = {1},
pages = {1--10},
publisher = {Genome Biology},
title = {{Performance of neural network basecalling tools for Oxford Nanopore sequencing}},
volume = {20},
year = {2019}
}

@article{Jain2018,
author = {Jain, Miten and Koren, Sergey and Miga, Karen H. and Quick, Josh and Rand, Arthur C. and Sasani, Thomas A. and Tyson, John R. and Beggs, Andrew D. and Dilthey, Alexander T. and Fiddes, Ian T. and Malla, Sunir and Marriott, Hannah and Nieto, Tom and O'Grady, Justin and Olsen, Hugh E. and Pedersen, Brent S. and Rhie, Arang and Richardson, Hollian and Quinlan, Aaron R. and Snutch, Terrance P. and Tee, Louise and Paten, Benedict and Phillippy, Adam M. and Simpson, Jared T. and Loman, Nicholas J. and Loose, Matthew},
doi = {10.1038/nbt.4060},
file = {:home/nadege/T{\'{e}}l{\'{e}}chargements/jain2018.pdf:pdf},
issn = {15461696},
journal = {Nature Biotechnology},
number = {4},
pages = {338--345},
publisher = {Nature Publishing Group},
title = {{Nanopore sequencing and assembly of a human genome with ultra-long reads}},
volume = {36},
year = {2018}
}

@misc{bonito,
title = {Bonito, \url{https://github.com/nanoporetech/bonito}}},
author = {Oxford Nanopore Technologies},
year = {2019}
}

@article{phased_human,
  title={Fully phased human genome assembly without parental data using single-cell strand sequencing and long reads},
  author={Porubsky, David and Ebert, Peter and Audano, Peter A and Vollger, Mitchell R and Harvey, William T and Marijon, Pierre and Ebler, Jana and Munson, Katherine M and Sorensen, Melanie and Sulovari, Arvis and others},
  journal={Nature Biotechnology},
  pages={1--7},
  year={2020},
  publisher={Nature Publishing Group}
}

@article{hapog,
  title={{Hapo-G, haplotype-aware polishing of genome assemblies}},
  author={Aury, Jean-Marc and Istace, Benjamin},
  journal={NAR Genomics and Bioinformatics},
  year={2021}
}

@article{unzipping,
  title={Unzipping haplotypes in diploid and polyploid genomes},
  author={Zhang, Xingtan and Wu, Ruoxi and Wang, Yibin and Yu, Jiaxin and Tang, Haibao},
  journal={Computational and Structural Biotechnology Journal},
  volume={18},
  pages={66--72},
  year={2020},
  publisher={Elsevier}
}

@article{triocanu,
  title={\textit{De novo} assembly of haplotype-resolved genomes with trio binning},
  author={Koren, Sergey and Rhie, Arang and Walenz, Brian P and Dilthey, Alexander T and Bickhart, Derek M and Kingan, Sarah B and Hiendleder, Stefan and Williams, John L and Smith, Timothy PL and Phillippy, Adam M},
  journal={Nature Biotechnology},
  volume={36},
  number={12},
  pages={1174--1182},
  year={2018},
  publisher={Nature Publishing Group}
}

@article{merqury,
  title={Merqury: reference-free quality, completeness, and phasing assessment for genome assemblies},
  author={Rhie, Arang and Walenz, Brian P and Koren, Sergey and Phillippy, Adam M},
  journal={Genome Biology},
  volume={21},
  number={1},
  pages={1--27},
  year={2020},
  publisher={BioMed Central}
}


@article{allhic,
  title={{Assembly of allele-aware, chromosomal-scale autopolyploid genomes based on Hi-C data}},
  author={Zhang, Xingtan and Zhang, Shengcheng and Zhao, Qian and Ming, Ray and Tang, Haibao},
  journal={Nature Plants},
  volume={5},
  number={8},
  pages={833--845},
  year={2019},
  publisher={Nature Publishing Group}
}


@article{Leffler2012a,
author = {Leffler, Ellen M. and Bullaughey, Kevin and Matute, Daniel R. and Meyer, Wynn K. and S{\'{e}}gurel, Laure and Venkat, Aarti and Andolfatto, Peter and Przeworski, Molly},
doi = {10.1371/journal.pbio.1001388},
issn = {15449173},
journal = {PLoS Biology},
number = {9},
pmid = {22984349},
title = {{Revisiting an old riddle: what determines genetic diversity levels within species?}},
volume = {10},
year = {2012},
pages = {e1001388}
}

@article{hercules,
title = {Hercules: a profile {HMM}-based hybrid error correction algorithm for long reads.},
author = {Firtina, Can and Bar-Joseph, Ziv and Alkan, Can and Cicek, A Ercument},
journal = {Nucleic Acids Research},
year = {2018},
volume = {46},
number = {21},
pages = {e125-e125}
}

@article{daccord,
author = {Tischler, German and Myers, Eugene W.},
doi = {10.1101/106252},
journal = {bioRxiv},
title = {Non Hybrid Long Read Consensus Using Local De {B}ruijn Graph Assembly},
year = {2017}
}

@article{lorma,
archivePrefix = {arXiv},
arxivId = {1604.02233},
author = {Salmela, Leena and Walve, Riku and Rivals, Eric and Ukkonen, Esko and Sahinalp, Cenk},
doi = {10.1093/bioinformatics/btw321},
file = {:home/nadege/T{\'{e}}l{\'{e}}chargements/btw321.pdf:pdf},
issn = {14602059},
journal = {Bioinformatics},
number = {6},
pages = {799--806},
pmid = {27273673},
title = {{Accurate self-correction of errors in long reads using de Bruijn graphs}},
volume = {33},
year = {2017}
}

@article{lordec,
doi = {10.1093/bioinformatics/btu538},
author={Salmela, Leena and Rivals, Eric},
file = {:home/nadege/T{\'{e}}l{\'{e}}chargements/btu538.pdf:pdf},
issn = {14602059},
journal = {Bioinformatics},
number = {24},
pages = {3506--3514},
pmid = {25165095},
title = {{LoRDEC: Accurate and efficient long read error correction}},
volume = {30},
year = {2014}
}

@article{colormap,
author = {Haghshenas, Ehsan and Hach, Faraz and Sahinalp, S. Cenk and Chauve, Cedric},
doi = {10.1093/bioinformatics/btw463},
issn = {14602059},
journal = {Bioinformatics},
number = {17},
pages = {i545--i551},
title = {{CoLoRMap}: correcting Long Reads by Mapping short reads},
volume = {32},
year = {2016}
}

@article{ratatosk,
  title={Ratatosk: hybrid error correction of long reads enables accurate variant calling and assembly},
  author={Holley, Guillaume and Beyter, Doruk and Ingimundardottir, Helga and M{\o}ller, Peter L and Kristmundsdottir, Sn{\ae}dis and Eggertsson, Hannes P and Halldorsson, Bjarni V},
  journal={Genome Biology},
  volume={22},
  number={1},
  pages={1--22},
  year={2021},
  publisher={BioMed Central}
}

@article{polca,
author = {Zimin, Aleksey V. and Salzberg, Steven L.},
doi = {10.1101/2019.12.17.864991},
journal = {bioRxiv},
title = {{The genome polishing tool POLCA makes fast and accurate corrections in genome assemblies}},
year = {2019}
}

@article{nextpolish,
author = {Hu, Jiang and Fan, Junpeng and Sun, Zongyi and Liu, Shanlin},
doi = {10.1093/bioinformatics/btz891},
file = {:home/nadege/T{\'{e}}l{\'{e}}chargements/10.1093@bioinformatics@btz891.pdf:pdf},
issn = {1367-4803},
journal = {Bioinformatics},
title = {{NextPolish: a fast and efficient genome polishing tool for long-read assembly}},
year = {2019}
}

@misc{quiver_arrow,
title = {{GenomicConsensus, \url{https://github.com/PacificBiosciences/GenomicConsensus}}},
author = {PacificBiosciences},
year = {2014}
}

@misc{nanopolish,
title = {{Nanopolish, \url{https://github.com/jts/nanopolish}}},
author = {Simpson, Jared},
year = {2014}
}

@misc{medaka,
title = {{Medaka, \url{https://github.com/nanoporetech/medaka}}},
author = {Oxford Nanopore Technologies},
year = {2017}
}

@article{racon,
  title={Fast and accurate \textit{de novo} genome assembly from long uncorrected reads},
  author={Vaser, Robert and Sovi{\'c}, Ivan and Nagarajan, Niranjan and {\v{S}}iki{\'c}, Mile},
  journal={Genome Research},
  volume={27},
  number={5},
  pages={737--746},
  year={2017},
  publisher={Cold Spring Harbor Lab}
}


@article{pilon,
  title={Pilon: an integrated tool for comprehensive microbial variant detection and genome assembly improvement},
  author={Walker, Bruce J and Abeel, Thomas and Shea, Terrance and Priest, Margaret and Abouelliel, Amr and Sakthikumar, Sharadha and Cuomo, Christina A and Zeng, Qiandong and Wortman, Jennifer and Young, Sarah K and others},
  journal={PloS one},
  volume={9},
  number={11},
  pages={e112963},
  year={2014},
  publisher={Public Library of Science}
}


@article{ntedit,
  title={{ntEdit}: scalable genome sequence polishing},
  author={Warren, Ren{\'e} L and Coombe, Lauren and Mohamadi, Hamid and Zhang, Jessica and Jaquish, Barry and Isabel, Nathalie and Jones, Steven JM and Bousquet, Jean and Bohlmann, Joerg and Birol, Inan{\c{c}}},
  journal={Bioinformatics},
  volume={35},
  number={21},
  pages={4430--4432},
  year={2019},
  publisher={Oxford University Press}
}


@article{apollo,
archivePrefix = {arXiv},
arxivId = {1902.04341},
author = {Firtina, Can and Kim, Jeremie S and Alser, Mohammed and Cali, Damla Senol and Cicek, A Ercument and Alkan, Can and Mutlu, Onur},
doi = {10.1093/bioinformatics/btaa179},
file = {:home/nadege/T{\'{e}}l{\'{e}}chargements/1902.04341.pdf:pdf},
issn = {1367-4803},
journal = {Bioinformatics},
title = {Apollo: a Sequencing-Technology-Independent, Scalable, and Accurate Assembly Polishing Algorithm},
year = {2020}
}

@misc{filtlong,
title = {{Filtlong, \url{https://github.com/rrwick/Filtlong}}},
author = {Wick, Ryan R.},
year = {2017}
}

@misc{supernova,
title = {{SuperNova, \url{https://github.com/10XGenomics/supernova}}},
author = {{SuperNova}},
year = {2016}
}

@article{mecat,
author = {Xiao, Chuan Le and Chen, Ying and Xie, Shang Qian and Chen, Kai Ning and Wang, Yan and Han, Yue and Luo, Feng and Xie, Zhi},
doi = {10.1038/nmeth.4432},
issn = {15487105},
journal = {Nature Methods},
number = {11},
pages = {1072--1074},
title = {{MECAT: fast mapping, error correction, and de novo assembly for single-molecule sequencing reads}},
volume = {14},
year = {2017}
}

@article{links,
  title={{LINKS}: scalable, alignment-free scaffolding of draft genomes with long reads},
  author={Warren, Ren{\'e} L and Yang, Chen and Vandervalk, Benjamin P and Behsaz, Bahar and Lagman, Albert and Jones, Steven JM and Birol, Inan{\c{c}}},
  journal={GigaScience},
  volume={4},
  number={1},
  pages={s13742--015},
  year={2015},
  publisher={Oxford University Press}
}

@article{npScarf,
  title={Scaffolding and completing genome assemblies in real-time with nanopore sequencing},
  author={Cao, Minh Duc and Nguyen, Son Hoang and Ganesamoorthy, Devika and Elliott, Alysha G and Cooper, Matthew A and Coin, Lachlan JM},
  journal={Nature Communications},
  volume={8},
  number={1},
  pages={1--10},
  year={2017},
  publisher={Nature Publishing Group}
}

@article{pbjelly,
  title={Mind the gap: upgrading genomes with \textsc{P}acific \textsc{B}iosciences \textsc{RS} long-read sequencing technology},
  author={English, Adam C and Richards, Stephen and Han, Yi and Wang, Min and Vee, Vanesa and Qu, Jiaxin and Qin, Xiang and Muzny, Donna M and Reid, Jeffrey G and Worley, Kim C and others},
  journal={PloS One},
  volume={7},
  number={11},
  pages={e47768},
  year={2012},
  publisher={Public Library of Science}
}

@article{sspace-longread,
  title={\textsc{SSPACE}-\textsc{L}ong\textsc{R}ead: scaffolding bacterial draft genomes using long read sequence information},
  author={Boetzer, Marten and Pirovano, Walter},
  journal={BMC Bioinformatics},
  volume={15},
  number={1},
  pages={1--9},
  year={2014},
  publisher={Springer}
}

@article{rails,
  title={{RAILS and Cobbler: Scaffolding and automated finishing of draft genomes using long DNA sequences}},
  author={Warren, Rene L},
  journal={Journal of Open Source Software},
  volume={1},
  number={7},
  pages={116},
  year={2016}
}

@article{slr,
  title={{SLR}: a scaffolding algorithm based on long reads and contig classification},
  author={Luo, Junwei and Lyu, Mengna and Chen, Ranran and Zhang, Xiaohong and Luo, Huimin and Yan, Chaokun},
  journal={BMC Bioinformatics},
  volume={20},
  number={1},
  pages={1--11},
  year={2019},
  publisher={Springer}
}

@article{lrscaf,
  title={\textsc{LRS}caf: improving draft genomes using long noisy reads},
  author={Qin, Mao and Wu, Shigang and Li, Alun and Zhao, Fengli and Feng, Hu and Ding, Lulu and Ruan, Jue},
  journal={BMC Genomics},
  volume={20},
  number={1},
  pages={1--12},
  year={2019},
  publisher={BioMed Central}
}

@article{smsc,
  title={Single molecule sequencing-guided scaffolding and correction of draft assemblies},
  author={Zhu, Shenglong and Chen, Danny Z and Emrich, Scott J},
  journal={BMC Genomics},
  volume={18},
  number={10},
  pages={51--59},
  year={2017},
  publisher={Springer}
}

@article{scarpa,
  title={SCARPA: scaffolding reads with practical algorithms},
  author={Donmez, Nilgun and Brudno, Michael},
  journal={Bioinformatics},
  volume={29},
  number={4},
  pages={428--434},
  year={2013},
  publisher={Oxford University Press}
}

@article{scop,
  title={{SCOP}: a novel scaffolding algorithm based on contig classification and optimization},
  author={Li, Min and Tang, Li and Wu, Fang-Xiang and Pan, Yi and Wang, Jianxin},
  journal={Bioinformatics},
  volume={35},
  number={7},
  pages={1142--1150},
  year={2019},
  publisher={Oxford University Press}
}

@article{batiscaf,
  title={Solving scaffolding problem with repeats},
  author={Mandric, Igor and Zelikovsky, Alex},
  journal={bioRxiv},
  year={2018},
  publisher={Cold Spring Harbor Laboratory}
}

@article{wisescaffolder,
  title={{WiseScaffolder}: an algorithm for the semi-automatic scaffolding of next generation sequencing data},
  author={Farrant, Gregory K and Hoebeke, Mark and Partensky, Fr{\'e}d{\'e}ric and Andres, Gwendoline and Corre, Erwan and Garczarek, Laurence},
  journal={BMC Bioinformatics},
  volume={16},
  number={1},
  pages={1--13},
  year={2015},
  publisher={BioMed Central}
}

@article{sliq,
  title={{SLIQ: Simple Linear Inequalities for Efficient Contig Scaffolding}},
  author={Roy, Rajat S and Chen, Kevin C and Sengupta, Anirvan M and Schliep, Alexander},
  journal={Journal of Computational Biology},
  volume={19},
  number={10},
  pages={1162--1175},
  year={2012},
  publisher={Mary Ann Liebert, Inc. 140 Huguenot Street, 3rd Floor New Rochelle, NY 10801 USA}
}

@article{boss,
  title={\textsc{BOSS}: a novel scaffolding algorithm based on an optimized scaffold graph},
  author={Luo, Junwei and Wang, Jianxin and Zhang, Zhen and Li, Min and Wu, Fang-Xiang},
  journal={Bioinformatics},
  volume={33},
  number={2},
  pages={169--176},
  year={2017},
  publisher={Oxford University Press}
}

@article{grass,
  title={{GRASS}: a generic algorithm for scaffolding next-generation sequencing assemblies},
  author={Gritsenko, Alexey A and Nijkamp, Jurgen F and Reinders, Marcel JT and Ridder, Dick de},
  journal={Bioinformatics},
  volume={28},
  number={11},
  pages={1429--1437},
  year={2012},
  publisher={Oxford University Press}
}

@article{mip,
  title={Fast scaffolding with small independent mixed integer programs},
  author={Salmela, Leena and M{\"a}kinen, Veli and V{\"a}lim{\"a}ki, Niko and Ylinen, Johannes and Ukkonen, Esko},
  journal={Bioinformatics},
  volume={27},
  number={23},
  pages={3259--3265},
  year={2011},
  publisher={Oxford University Press}
}

@article{bambus,
  title={Hierarchical scaffolding with \textsc{B}ambus},
  author={Pop, Mihai and Kosack, Daniel S and Salzberg, Steven L},
  journal={Genome Research},
  volume={14},
  number={1},
  pages={149--159},
  year={2004},
  publisher={Cold Spring Harbor Lab}
}

@article{sopra,
  title={\textsc{SOPRA}: Scaffolding algorithm for paired reads via statistical optimization},
  author={Dayarian, Adel and Michael, Todd P and Sengupta, Anirvan M},
  journal={BMC Bioinformatics},
  volume={11},
  number={1},
  pages={1--21},
  year={2010},
  publisher={Springer}
}

@article{besst,
  title={\textsc{BESST} - \textsc{E}fficient scaffolding of large fragmented assemblies},
  author={Sahlin, Kristoffer and Vezzi, Francesco and Nystedt, Bj{\"o}rn and Lundeberg, Joakim and Arvestad, Lars},
  journal={BMC Bioinformatics},
  volume={15},
  number={1},
  pages={1--11},
  year={2014},
  publisher={Springer}
}

@article{opera,
  title={Opera: reconstructing optimal genomic scaffolds with high-throughput paired-end sequences},
  author={Gao, Song and Sung, Wing-Kin and Nagarajan, Niranjan},
  journal={Journal of Computational Biology},
  volume={18},
  number={11},
  pages={1681--1691},
  year={2011},
  publisher={Mary Ann Liebert, Inc. 140 Huguenot Street, 3rd Floor New Rochelle, NY 10801 USA}
}

@article{sspace,
  title={Scaffolding pre-assembled contigs using SSPACE},
  author={Boetzer, Marten and Henkel, Christiaan V and Jansen, Hans J and Butler, Derek and Pirovano, Walter},
  journal={Bioinformatics},
  volume={27},
  number={4},
  pages={578--579},
  year={2011},
  publisher={Oxford University Press}
}

@article{scaffmatch,
  title={Scaff\textsc{M}atch: scaffolding algorithm based on maximum weight matching},
  author={Mandric, Igor and Zelikovsky, Alex},
  journal={Bioinformatics},
  volume={31},
  number={16},
  pages={2632--2638},
  year={2015},
  publisher={Oxford University Press}
}

@article{scaffoldscaffolder,
  title={{ScaffoldScaffolder}: solving contig orientation via bidirected to directed graph reduction},
  author={Bodily, Paul M and Fujimoto, M Stanley and Snell, Quinn and Ventura, Dan and Clement, Mark J},
  journal={Bioinformatics},
  volume={32},
  number={1},
  pages={17--24},
  year={2016},
  publisher={Oxford University Press}
}

@article{ghurye2019modern,
  title={Modern technologies and algorithms for scaffolding assembled genomes},
  author={Ghurye, Jay and Pop, Mihai},
  journal={PLoS computational biology},
  volume={15},
  number={6},
  pages={e1006994},
  year={2019},
  publisher={Public Library of Science San Francisco, CA USA}
}

@article{genetic_maps,
  title={Using linkage maps to correct and scaffold \textit{de novo} genome assemblies: methods, challenges, and computational tools},
  author={Fierst, Janna L},
  journal={Frontiers in Genetics},
  volume={6},
  pages={220},
  year={2015},
  publisher={Frontiers}
}

@article{allmaps,
  title={\textsc{ALLMAPS}: robust scaffold ordering based on multiple maps},
  author={Tang, Haibao and Zhang, Xingtan and Miao, Chenyong and Zhang, Jisen and Ming, Ray and Schnable, James C and Schnable, Patrick S and Lyons, Eric and Lu, Jianguo},
  journal={Genome Biology},
  volume={16},
  number={1},
  pages={1--15},
  year={2015},
  publisher={Springer}
}

@article{optical_maps,
  title={Ordered restriction maps of \textit{Saccharomyces cerevisiae} chromosomes constructed by optical mapping},
  author={Schwartz, David C and Li, Xiaojun and Hernandez, Luis I and Ramnarain, Satyadarshan P and Huff, Edward J and Wang, Yu-Ker},
  journal={Science},
  volume={262},
  number={5130},
  pages={110--114},
  year={1993},
  publisher={American Association for the Advancement of Science}
}

@article{optical_scaffolding,
  title={Advances in optical mapping for genomic research},
  author={Yuan, Yuxuan and Chung, Claire Yik-Lok and Chan, Ting-Fung},
  journal={Computational and Structural Biotechnology Journal},
  year={2020},
  publisher={Elsevier}
}

@article{omgs,
  title={{OMGS}: optical map-based genome scaffolding},
  author={Pan, Weihua and Jiang, Tao and Lonardi, Stefano},
  journal={Journal of Computational Biology},
  volume={27},
  number={4},
  pages={519--533},
  year={2020},
}

@article{soma,
  title={Scaffolding and validation of bacterial genome assemblies using optical restriction maps},
  author={Nagarajan, Niranjan and Read, Timothy D and Pop, Mihai},
  journal={Bioinformatics},
  volume={24},
  number={10},
  pages={1229--1235},
  year={2008},
  publisher={Oxford University Press}
}

@article{agora,
  title={{AGORA}: assembly guided by optical restriction alignment},
  author={Lin, Henry C and Goldstein, Steve and Mendelowitz, Lee and Zhou, Shiguo and Wetzel, Joshua and Schwartz, David C and Pop, Mihai},
  journal={BMC Bioinformatics},
  volume={13},
  number={1},
  pages={1--14},
  year={2012},
  publisher={Springer}
}

@article{sewingmachine,
  title={Tools and pipelines for {BioNano} data: molecule assembly pipeline and {FASTA} super scaffolding tool},
  author={Shelton, Jennifer M and Coleman, Michelle C and Herndon, Nic and Lu, Nanyan and Lam, Ernest T and Anantharaman, Thomas and Sheth, Palak and Brown, Susan J},
  journal={BMC Genomics},
  volume={16},
  number={1},
  pages={1--16},
  year={2015},
  publisher={Springer}
}

@article{biscot,
  title={{BiSCoT}: improving large eukaryotic genome assemblies with optical maps},
  author={Istace, Benjamin and Belser, Caroline and Aury, Jean-Marc},
  journal={PeerJ},
  volume={8},
  pages={e10150},
  year={2020},
  publisher={PeerJ Inc.}
}

@article{arcs,
  title={{ARCS}: scaffolding genome drafts with linked reads},
  author={Yeo, Sarah and Coombe, Lauren and Warren, Ren{\'e} L and Chu, Justin and Birol, Inan{\c{c}}},
  journal={Bioinformatics},
  volume={34},
  number={5},
  pages={725--731},
  year={2018},
  publisher={Oxford University Press}
}

@article{arks,
  title={{ARKS: chromosome-scale scaffolding of human genome drafts with linked read kmers}},
  author={Coombe, Lauren and Zhang, Jessica and Vandervalk, Benjamin P and Chu, Justin and Jackman, Shaun D and Birol, Inanc and Warren, Ren{\'e} L},
  journal={BMC Bioinformatics},
  volume={19},
  number={1},
  pages={1--10},
  year={2018},
  publisher={BioMed Central}
}

@misc{scaff10X,
title = {{Scaff10X, \url{https://github.com/wtsi-hpag/Scaff10X}}},
author = {{High Performance Assembly Group at the Wellcome Sanger Institute}},
year = {2018}
}

@misc{smis,
title = {{SMIS, \url{https://www.sanger.ac.uk/tool/smis/}}},
author = {{Wellcome Sanger Institute}},
year = {2015}
}

@article{arbitr,
  title={{ARBitR}: an overlap-aware genome assembly scaffolder for linked reads},
  author={Hiltunen, Markus and Ryberg, Martin and Johannesson, Hanna},
  journal={Bioinformatics},
  year={2020},
  publisher={Oxford University Press}
}

@article{fragScaff,
  title={In vitro, long-range sequence information for de novo genome assembly via transposase contiguity},
  author={Adey, Andrew and Kitzman, Jacob O and Burton, Joshua N and Daza, Riza and Kumar, Akash and Christiansen, Lena and Ronaghi, Mostafa and Amini, Sasan and Gunderson, Kevin L and Steemers, Frank J and others},
  journal={Genome Research},
  volume={24},
  number={12},
  pages={2041--2049},
  year={2014},
  publisher={Cold Spring Harbor Lab}
}

@article{architect,
  title={Genome assembly from synthetic long read clouds},
  author={Kuleshov, Volodymyr and Snyder, Michael P and Batzoglou, Serafim},
  journal={Bioinformatics},
  volume={32},
  number={12},
  pages={i216--i224},
  year={2016},
  publisher={Oxford University Press}
}

@article{Lieberman-Aiden2009,
author = {Lieberman-Aiden, Erez and van Berkum, Nynke L and Williams, Louise and Imakaev, Maxim and Ragoczy, Tobias and Telling, Agnes and Amit, Ido and Lajoie, Bryan R and Sabo, Peter J and Dorschner, Michael O and Sandstrom, Richard and Bernstein, Bradley and Bender, M A and Groudine, Mark and Gnirke, Andreas and Stamatoyannopoulos, John and Mirny, Leonid A and Lander, Eric S and Dekker, Job},
doi = {10.1126/science.1181369},
issn = {1095-9203},
journal = {Science},
number = {5950},
pages = {289--93},
pmid = {19815776},
publisher = {American Association for the Advancement of Science},
title = {{Comprehensive mapping of long-range interactions reveals folding principles of the human genome.}},
volume = {326},
year = {2009}
}

@article{oddes2018,
  title={Three invariant {Hi-C} interaction patterns: applications to genome assembly},
  author={Oddes, Sivan and Zelig, Aviv and Kaplan, Noam},
  journal={Methods},
  volume={142},
  pages={89--99},
  year={2018},
  publisher={Elsevier}
}

@article{Dekker2002,
author = {Dekker, Job and Rippe, Karsten and Dekker, Martijn and Kleckner, Nancy},
journal = {Science},
number = {5558},
pages = {1306--1311},
title = {{Capturing chromosome conformation}},
volume = {295},
year = {2002}
}

@article{dekker2013exploring,
  title={Exploring the three-dimensional organization of genomes: interpreting chromatin interaction data},
  author={Dekker, Job and Marti-Renom, Marc A and Mirny, Leonid A},
  journal={Nature Reviews Genetics},
  volume={14},
  number={6},
  pages={390--403},
  year={2013},
  publisher={Nature Publishing Group}
}

@article{flot2015contact,
  title={Contact genomics: scaffolding and phasing (meta) genomes using chromosome 3D physical signatures},
  author={Flot, Jean-Fran{\c{c}}ois and Marie-Nelly, Herv{\'e} and Koszul, Romain},
  journal={FEBS Letters},
  volume={589},
  number={20},
  pages={2966--2974},
  year={2015},
  publisher={Elsevier}
}

@article{hicassembler,
  title={{Hi-C} guided assemblies reveal conserved regulatory topologies on X and autosomes despite extensive genome shuffling},
  author={Renschler, Gina and Richard, Gautier and Valsecchi, Claudia Isabelle Keller and Toscano, Sarah and Arrigoni, Laura and Ram{\'\i}rez, Fidel and Akhtar, Asifa},
  journal={Genes \& development},
  volume={33},
  number={21-22},
  pages={1591--1612},
  year={2019},
  publisher={Cold Spring Harbor Lab}
}

@article{dnatri,
  title={High-throughput genome scaffolding from \textit{in vivo} {DNA} interaction frequency},
  author={Kaplan, Noam and Dekker, Job},
  journal={Nature biotechnology},
  volume={31},
  number={12},
  pages={1143--1147},
  year={2013},
  publisher={Nature Publishing Group}
}


@article{lachesis,
  title={Chromosome-scale scaffolding of \textit{de novo} genome assemblies based on chromatin interactions},
  author={Burton, Joshua N and Adey, Andrew and Patwardhan, Rupali P and Qiu, Ruolan and Kitzman, Jacob O and Shendure, Jay},
  journal={Nature Biotechnology},
  volume={31},
  number={12},
  pages={1119--1125},
  year={2013},
  publisher={Nature Publishing Group}
}


@article{salsa,
  title={Scaffolding of long read assemblies using long range contact information},
  author={Ghurye, Jay and Pop, Mihai and Koren, Sergey and Bickhart, Derek and Chin, Chen-Shan},
  journal={BMC Genomics},
  volume={18},
  number={1},
  pages={1--11},
  year={2017},
  publisher={BioMed Central}
}


@article{salsa2,
  title={Integrating \textsc{H}i-\textsc{C} links with assembly graphs for chromosome-scale assembly},
  author={Ghurye, Jay and Rhie, Arang and Walenz, Brian P and Schmitt, Anthony and Selvaraj, Siddarth and Pop, Mihai and Phillippy, Adam M and Koren, Sergey},
  journal={PLoS Computational Biology},
  volume={15},
  number={8},
  pages={e1007273},
  year={2019},
  publisher={Public Library of Science}
}

@article{lrgapcloser,
  title={{LR}\_{Gapcloser}: a tiling path-based gap closer that uses long reads to complete genome assembly},
  author={Xu, Gui-Cai and Xu, Tian-Jun and Zhu, Rui and Zhang, Yan and Li, Shang-Qi and Wang, Hong-Wei and Li, Jiong-Tang},
  journal={GigaScience},
  volume={8},
  number={1},
  pages={giy157},
  year={2019},
  publisher={Oxford University Press}
}

@article{pgcloser,
  title={{PGcloser}: fast Parallel Gap-Closing Tool Using Long-Reads or Contigs to Fill Gaps in Genomes},
  author={Lu, Peng and Jin, Jingjing and Li, Zefeng and Xu, Yalong and Hu, Dasha and Liu, Jiajun and Cao, Peijian},
  journal={Evolutionary Bioinformatics},
  volume={16},
  year={2020},
  publisher={SAGE Publications Sage UK: London, England}
}

@article{sealer,
  title={Sealer: a scalable gap-closing application for finishing draft genomes},
  author={Paulino, Daniel and Warren, Ren{\'e} L and Vandervalk, Benjamin P and Raymond, Anthony and Jackman, Shaun D and Birol, Inan{\c{c}}},
  journal={BMC Bioinformatics},
  volume={16},
  number={1},
  pages={1--8},
  year={2015},
  publisher={BioMed Central}
}

@article{gapfiller,
  title={Toward almost closed genomes with {GapFiller}},
  author={Boetzer, Marten and Pirovano, Walter},
  journal={Genome Biology},
  volume={13},
  number={6},
  pages={1--9},
  year={2012},
  publisher={Springer}
}

@article{gappadder,
  title={{GAPPadder}: a sensitive approach for closing gaps on draft genomes with short sequence reads},
  author={Chu, Chong and Li, Xin and Wu, Yufeng},
  journal={BMC Genomics},
  volume={20},
  number={5},
  pages={1--10},
  year={2019},
  publisher={BioMed Central}
}

@article{fgap,
  title={{FGAP}: an automated gap closing tool},
  author={Piro, Vitor C and Faoro, Helisson and Weiss, Vinicius A and Steffens, Maria BR and Pedrosa, Fabio O and Souza, Emanuel M and Raittz, Roberto T},
  journal={BMC Research Notes},
  volume={7},
  number={1},
  pages={1--5},
  year={2014},
  publisher={Springer}
}

@article{gmcloser,
  title={{GMcloser}: closing gaps in assemblies accurately with a likelihood-based selection of contig or long-read alignments},
  author={Kosugi, Shunichi and Hirakawa, Hideki and Tabata, Satoshi},
  journal={Bioinformatics},
  volume={31},
  number={23},
  pages={3733--3741},
  year={2015},
  publisher={Oxford University Press}
}

@article{consent,
  title={Scalable long read self-correction and assembly polishing with multiple sequence alignment},
  author={Morisse, Pierre and Marchet, Camille and Limasset, Antoine and Lecroq, Thierry and Lefebvre, Arnaud},
  journal={Scientific Reports},
  volume={11},
  number={1},
  pages={1--13},
  year={2021},
  publisher={Nature Publishing Group}
}

@article{proovread,
title = {{proovread: large-scale high-accuracy PacBio correction through iterative short read consensus.}},
author = {Hackl, Thomas and Hedrich, Rainer and Schultz, Jörg Schultz and Förster, Frank},
journal = {Bioinformatics},
year = {2014},
volume = {30},
number = {21},
pages = {3004--3011}
}

@article{flas,
title = {{FLAS}: fast and high-throughput algorithm for {PacBio} long-read self-correction.},
author = {Bao, Ergude and Xie, Fei and Song, Changjin and Song, Dandan},
journal = {Bioinformatics},
volume = {35},
number = {20},
year = {2019}
}

@article{jabba,
title = {Jabba: hybrid error correction for long sequencing reads.},
author = {Miclotte, Gilles and Heydari, Mahdi and Demeester, Piet and Rombauts, Stephane and Van de Peer, Yves and Audenaert, Pieter and Fostier, Jan},
journal = {Algorithms for Molecular Biology},
volume = {11},
number = {1},
pages = {1--12},
year = {2016}
}

@article{correction_benchmark,
  title = {Long-read error correction: a survey and qualitative comparison.},
  author = {Morisse, Pierre and Lecroq, Thierry and Lefebvre, Arnaud},
  journal = {bioRxiv},
  year = {2020},
  doi = {doi.org/10.1101/2020.03.06.977975}
}

@article{tigr,
author = {{Sutton, Granger and White, Owen and Adams, Mark D. and Kerlavage}, Anthony R.},
doi = {10.1089/gst.1995.1.9},
file = {:home/nadege/T{\'{e}}l{\'{e}}chargements/sutton1995.pdf:pdf},
isbn = {9780471684220},
journal = {Genome Science and Technology},
number = {1},
pages = {9--19},
title = {{TIGR Assembler}: A new Tool for Assembling Large Shotgun Projects},
volume = {1},
year = {1995}
}

@article{vcake,
author = {Jeck, William R. and Reinhardt, Josephine A. and Baltrus, David A. and Hickenbotham, Matthew T. and Magrini, Vincent and Mardis, Elaine R. and Dangl, Jeffery L. and Jones, Corbin D.},
doi = {10.1093/bioinformatics/btm451},
file = {:home/nadege/T{\'{e}}l{\'{e}}chargements/btm451.pdf:pdf},
issn = {13674803},
journal = {Bioinformatics},
number = {21},
pages = {2942--2944},
title = {{Extending assembly of short DNA sequences to handle error}},
volume = {23},
year = {2007}
}

@article{ssake,
author = {Warren, Ren{\'{e}} L. and Sutton, Granger G. and Jones, Steven J.M. and Holt, Robert A.},
doi = {10.1093/bioinformatics/btl629},
issn = {13674803},
journal = {Bioinformatics},
number = {4},
pages = {500--501},
title = {{Assembling millions of short DNA sequences using SSAKE}},
volume = {23},
year = {2007}
}

@article{olc,
author = {Staden, Rodger},
doi = {10.1093/nar/6.7.2601},
file = {:home/nadege/T{\'{e}}l{\'{e}}chargements/nar00448-0225.pdf:pdf},
journal = {Nucleic Acids Research},
number = {7},
pages = {2601--2610},
title = {{A strategy of DNA sequencing employing computer programs}},
volume = {6},
year = {1979}
}

@article{cap3,
  title={{CAP3: a DNA sequence assembly program}},
  author={Huang, Xiaoqiu and Madan, Anup},
  journal={Genome Research},
  volume={9},
  number={9},
  pages={868--877},
  year={1999},
  publisher={Cold Spring Harbor Lab}
}

@article{jazz,
  title={Whole-genome shotgun assembly and analysis of the genome of \textit{Fugu rubripes}},
  author={Aparicio, Samuel and Chapman, Jarrod and Stupka, Elia and Putnam, Nik and Chia, Jer-ming and Dehal, Paramvir and Christoffels, Alan and Rash, Sam and Hoon, Shawn and Smit, Arian and others},
  journal={Science},
  volume={297},
  number={5585},
  pages={1301--1310},
  year={2002},
  publisher={American Association for the Advancement of Science}
}


@article{atlas,
  title={The {Atlas} genome assembly system},
  author={Havlak, Paul and Chen, Rui and Durbin, K James and Egan, Amy and Ren, Yanru and Song, Xing-Zhi and Weinstock, George M and Gibbs, Richard A},
  journal={Genome Research},
  volume={14},
  number={4},
  pages={721--732},
  year={2004},
  publisher={Cold Spring Harbor Lab}
}


@article{celera,
author = {Denisov, Gennady and Walenz, Brian and Halpern, Aaron L. and Miller, Jason and Axelrod, Nelson and Levy, Samuel and Sutton, Granger},
doi = {10.1093/bioinformatics/btn074},
file = {:home/nadege/T{\'{e}}l{\'{e}}chargements/btn074.pdf:pdf},
issn = {13674803},
journal = {Bioinformatics},
number = {8},
pages = {1035--1040},
title = {{Consensus generation and variant detection by Celera Assembler}},
volume = {24},
year = {2008}
}

@article{pcap,
  title={{PCAP}: a whole-genome assembly program},
  author={Huang, Xiaoqiu and Wang, Jianmin and Aluru, Srinivas and Yang, Shiaw-Pyng and Hillier, LaDeana},
  journal={Genome Research},
  volume={13},
  number={9},
  pages={2164--2170},
  year={2003},
  publisher={Cold Spring Harbor Lab}
}

@article{euler,
  title={{An Eulerian path approach to DNA fragment assembly}},
  author={Pevzner, Pavel A and Tang, Haixu and Waterman, Michael S},
  journal={Proceedings of the National Academy of Sciences},
  volume={98},
  number={17},
  pages={9748--9753},
  year={2001},
  publisher={National Acad Sciences}
}

@article{phrap,
  title={Base-calling of automated sequencer traces using {Phred. II.} Error probabilities},
  author={Ewing, Brent and Green, Phil},
  journal={Genome Research},
  volume={8},
  number={3},
  pages={186--194},
  year={1998},
  publisher={Cold Spring Harbor Lab}
}

@article{minimus,
  title={Minimus: a fast, lightweight genome assembler},
  author={Sommer, Daniel D and Delcher, Arthur L and Salzberg, Steven L and Pop, Mihai},
  journal={BMC Bioinformatics},
  volume={8},
  number={1},
  pages={1--11},
  year={2007},
  publisher={BioMed Central}
}

@article{phusion,
  title={The {P}husion assembler},
  author={Mullikin, James C and Ning, Zemin},
  journal={Genome Research},
  volume={13},
  number={1},
  pages={81--90},
  year={2003},
  publisher={Cold Spring Harbor Lab}
}

@article{arachne,
  title={{ARACHNE}: a whole-genome shotgun assembler},
  author={Batzoglou, Serafim and Jaffe, David B and Stanley, Ken and Butler, Jonathan and Gnerre, Sante and Mauceli, Evan and Berger, Bonnie and Mesirov, Jill P and Lander, Eric S},
  journal={Genome Research},
  volume={12},
  number={1},
  pages={177--189},
  year={2002},
  publisher={Cold Spring Harbor Lab}
}

@inproceedings{mira,
  title={Genome sequence assembly using trace signals and additional sequence information.},
  author={Chevreux, Bastien and Wetter, Thomas and Suhai, S{\'a}ndor and others},
  booktitle={German conference on bioinformatics},
  volume={99},
  pages={45--56},
  year={1999},
  organization={Citeseer}
}


@article{abyss2,
author = {Jackman, Shaun D and Vandervalk, Benjamin P and Mohamadi, Hamid and Chu, Justin and Yeo, Sarah and Hammond, S Austin and Jahesh, Golnaz and Khan, Hamza and Coombe, Lauren and Warren, Rene L and Birol, Inanc},
doi = {10.1101/gr.214346.116.Freely},
file = {:home/nadege/T{\'{e}}l{\'{e}}chargements/Genome Res.-2017-Jackman-768-77.pdf:pdf},
issn = {1549-5469},
journal = {Genome Research},
pages = {768--777},
pmid = {28232478},
title = {{ABySS} 2.0: resource-Efficient Assembly of Large Genomes using a {Bloom} Filter Effect of {Bloom} Filter False Positive Rate},
volume = {27},
year = {2017}
}
@article{abyss,
author = {Simpson, Jared T. and Wong, Kim and Jackman, Shaun D. and Schein, Jacqueline E. and Jones, Steven J.M. and Birol, Inan{\c{c}}},
doi = {10.1101/gr.089532.108},
file = {:home/nadege/T{\'{e}}l{\'{e}}chargements/Genome Res.-2009-Simpson-1117-23.pdf:pdf},
issn = {10889051},
journal = {Genome Research},
number = {6},
pages = {1117--1123},
title = {{ABySS: A parallel assembler for short read sequence data}},
volume = {19},
year = {2009}
}

@article{miniasm,
  title={Minimap and miniasm: fast mapping and \textit{de novo} assembly for noisy long sequences},
  author={Li, Heng},
  journal={Bioinformatics},
  volume={32},
  number={14},
  pages={2103--2110},
  year={2016},
  publisher={Oxford University Press}
}


@misc{wtdbg,
title = {{wtdbg, \url{https://github.com/ruanjue/wtdbg}}},
author = {Ruan, Jue},
year = {2016}
}

@article{necat,
  title={Fast and accurate assembly of Nanopore reads via progressive error correction and adaptive read selection},
  author={Chen, Ying and Nie, Fan and Xie, Shang-Qian and Zheng, Ying-Feng and Bray, Thomas and Dai, Qi and Wang, Yao-Xin and Xing, Jian-feng and Huang, Zhi-Jian and Wang, De-Peng and others},
  journal={bioRxiv},
  year={2020},
  publisher={Cold Spring Harbor Laboratory}
}

@article{smartdenovo,
  title={{SMARTdenovo}: A de novo Assembler Using Long Noisy Reads},
  author={Liu, Hailin and Wu, Shigang and Li, Alun and Ruan, Jue},
  year={2020},
  journal = {Preprints},
  publisher={Preprints}
}

@article{hinge,
  title={{HINGE}: long-read assembly achieves optimal repeat resolution},
  author={Kamath, Govinda M and Shomorony, Ilan and Xia, Fei and Courtade, Thomas A and David, N Tse},
  journal={Genome Research},
  volume={27},
  number={5},
  pages={747--756},
  year={2017},
  publisher={Cold Spring Harbor Lab}
}

@article{shasta,
author = {Shafin, Kishwar and Pesout, Trevor and Lorig-roach, Ryan and Haukness, Marina and Olsen, Hugh E and Bosworth, Colleen and Armstrong, Joel and Tigyi, Kristof and Maurer, Nicholas and Koren, Sergey and Sedlazeck, Fritz J and Marschall, Tobias and Mayes, Simon and Costa, Vania and Zook, Justin M and Liu, Kelvin J and Kilburn, Duncan and Sorensen, Melanie and Munson, Katy M and Vollger, Mitchell R and Monlong, Jean and Garrison, Erik and Eichler, Evan E and Salama, Sofie and Haussler, David and Green, Richard E and Akeson, Mark and Phillippy, Adam and Miga, Karen H and Carnevali, Paolo and Jain, Miten and Paten, Benedict},
doi = {10.1038/s41587-020-0503-6},
journal = {Nature Biotechnology},
title = {{Nanopore sequencing and the Shasta toolkit enable efficient \textit{de novo} assembly of eleven human genomes}},
year = {2020},
volume = {38},
number = {9},
pages = {1044--1053}
}

@article{hicanu,
author = {Nurk, Sergey and Walenz, Brian P and Rhie, Arang and Vollger, Mitchell R and Logsdon, Glennis A and Grothe, Robert and Miga, Karen H and Eichler, Evan E and Phillippy, Adam M and Koren, Sergey},
doi = {10.1101/2020.03.14.992248},
journal = {bioRxiv},
title = {{HiCanu: accurate assembly of segmental duplications, satellites, and allelic variants from high-fidelity long reads}},
year = {2020}
}

@article{peregrine,
  title={Human genome assembly in 100 minutes},
  author={Chin, Chen-Shan and Khalak, Asif},
  journal={bioRxiv},
  year={2019},
  publisher={Cold Spring Harbor Laboratory}
}

@misc{ipa,
title = {{IPA, \url{https://github.com/PacificBiosciences/pbbioconda}}},
author = {Pacific Biosciences},
year = {2018}
}

@article{hifiasm,
  title={Haplotype-resolved \textit{de novo} assembly using phased assembly graphs with hifiasm},
  author={Cheng, Haoyu and Concepcion, Gregory T and Feng, Xiaowen and Zhang, Haowen and Li, Heng},
  journal={Nature Methods},
  pages={1--6},
  year={2021},
  publisher={Nature Publishing Group}
}

@article{bankevich2020,
  title={Assembling Long Accurate Reads Using de {B}ruijn Graphs},
  author={Bankevich, Anton and Bzikadze, Andrey and Kolmogorov, Mikhail and Pevzner, Pavel A},
  journal={bioRxiv},
  year={2020},
  publisher={Cold Spring Harbor Laboratory}
}

@article{mulligan2014,
author = {Mulligan, Kelly L. and Hiebert, Terra C. and Jeffery, Nicholas W. and Gregory, T. Ryan},
doi = {10.1139/cjz-2014-0068},
issn = {14803283},
journal = {Canadian Journal of Zoology},
keywords = {DNA,Evolution,Genetics,Nemertea,Polyploidy,Saltwater},
number = {10},
pages = {847--851},
title = {{First estimates of genome size in ribbon worms (phylum Nemertea) using flow cytometry and Feulgen image analysis densitometry}},
volume = {92},
year = {2014}
}

@article{genomescope,
author = {Ranallo-Benavidez, T. Rhyker and Jaron, Kamil S. and Schatz, Michael C.},
doi = {10.1038/s41467-020-14998-3},
issn = {20411723},
journal = {Nature Communications},
number = {1},
pages = {1432},
pmid = {32188846},
publisher = {Springer US},
title = {{GenomeScope 2.0 and Smudgeplot for reference-free profiling of polyploid genomes}},
volume = {11},
year = {2020}
}

@article{mgse,
  title={Mapping-based genome size estimation},
  author={Pucker, Boas},
  journal={bioRxiv},
  doi = {10.1101/607390},
  year={2019}
}

@article{quast,
  title={{QUAST}: quality assessment tool for genome assemblies},
  author={Gurevich, Alexey and Saveliev, Vladislav and Vyahhi, Nikolay and Tesler, Glenn},
  journal={Bioinformatics},
  volume={29},
  number={8},
  pages={1072--1075},
  year={2013},
  publisher={Oxford University Press}
}

@article{whatshap,
author = {Patterson, Murray D. and Marschall, Tobias and Pisanti, Nadia and {Van Iersel}, Leo and Stougie, Leen and Klau, Gunnar W. and Sch{\"{o}}nhuth, Alexander},
doi = {10.1089/cmb.2014.0157},
issn = {10665277},
journal = {Journal of Computational Biology},
keywords = {algorithms,combinatorial optimization,dynamic programming,haplotypes,next generation sequencing},
number = {6},
pages = {498--509},
title = {{WhatsHap: weighted haplotype assembly for future-generation sequencing reads}},
volume = {22},
year = {2015}
}

@article{adineta_vaga2,
  title={Homologous chromosomes in asexual rotifer \textit{Adineta vaga} suggest automixis},
  author={Simion, Paul and Narayan, Jitendra and Houtain, Antoine and Derzelle, Alessandro and Baudry, Lyam and Nicolas, Emilien and Cariou, Marie and Guiglielmoni, Nad{\`e}ge and Kozlowski, Djampa and Gaudray, Florence Rodriguez and others},
  journal={bioRxiv},
  year={2020},
  publisher={Cold Spring Harbor Laboratory}
}

@article{achatina_fulica,
author = {Guo, Yunhai and Zhang, Yi and Liu, Qin and Huang, Yun and Mao, Guangyao and Yue, Zhiyuan and Abe, Eniola M. and Li, Jian and Wu, Zhongdao and Li, Shizhu and Zhou, Xiaonong and Hu, Wei and Xiao, Ning},
doi = {10.1093/gigascience/giz124},
isbn = {0000000213},
issn = {2047217X},
journal = {GigaScience},
keywords = {Achatina fulica,Hi-C,Pacific Biosciences,chromosome assembly,giant African snail},
number = {10},
pages = {1--8},
pmid = {31634388},
publisher = {Oxford University Press},
title = {{A chromosomal-level genome assembly for the giant African snail Achatina fulica}},
volume = {8},
year = {2019}
}

@article{aedes_aegypti,
author = {Matthews, Benjamin J. and Dudchenko, Olga and Kingan, Sarah B. and Koren, Sergey and Antoshechkin, Igor and Crawford, Jacob E. and Glassford, William J. and Herre, Margaret and Redmond, Seth N. and Rose, Noah H. and Weedall, Gareth D. and Wu, Yang and Batra, Sanjit S. and Brito-Sierra, Carlos A. and Buckingham, Steven D. and Campbell, Corey L. and Chan, Saki and Cox, Eric and Evans, Benjamin R. and Fansiri, Thanyalak and Filipovi{\'{c}}, Igor and Fontaine, Albin and Gloria-Soria, Andrea and Hall, Richard and Joardar, Vinita S. and Jones, Andrew K. and Kay, Raissa G.G. and Kodali, Vamsi K. and Lee, Joyce and Lycett, Gareth J. and Mitchell, Sara N. and Muehling, Jill and Murphy, Michael R. and Omer, Arina D. and Partridge, Frederick A. and Peluso, Paul and Aiden, Aviva Presser and Ramasamy, Vidya and Ra{\v{s}}i{\'{c}}, Gordana and Roy, Sourav and Saavedra-Rodriguez, Karla and Sharan, Shruti and Sharma, Atashi and Smith, Melissa Laird and Turner, Joe and Weakley, Allison M. and Zhao, Zhilei and Akbari, Omar S. and Black, William C. and Cao, Han and Darby, Alistair C. and Hill, Catherine A. and Johnston, J. Spencer and Murphy, Terence D. and Raikhel, Alexander S. and Sattelle, David B. and Sharakhov, Igor V. and White, Bradley J. and Zhao, Li and Aiden, Erez Lieberman and Mann, Richard S. and Lambrechts, Louis and Powell, Jeffrey R. and Sharakhova, Maria V. and Tu, Zhijian and Robertson, Hugh M. and McBride, Carolyn S. and Hastie, Alex R. and Korlach, Jonas and Neafsey, Daniel E. and Phillippy, Adam M. and Vosshall, Leslie B.},
doi = {10.1038/s41586-018-0692-z},
issn = {14764687},
journal = {Nature},
number = {7732},
pages = {501--507},
title = {{Improved reference genome of Aedes aegypti informs arbovirus vector control}},
volume = {563},
year = {2018}
}

@article{3d-dna,
author = {Dudchenko, Olga and Batra, Sanjit S. and Omer, Arina D. and Nyquist, Sarah K. and Hoeger, Marie and Durand, Neva C. and Shamim, Muhammad S. and Machol, Ido and Lander, Eric S. and Aiden, Aviva Presser and Aiden, Erez Lieberman},
doi = {10.1126/science.aal3327},
issn = {10959203},
journal = {Science},
number = {6333},
pages = {92--95},
title = {{\textit{De novo} assembly of the \textit{Aedes aegypti} genome using {Hi-C} yields chromosome-length scaffolds}},
volume = {356},
year = {2017}
}

@article{aedes_aegypti3,
author = {Nene, Vishvanath and Wortman, Jennifer R. and Lawson, Daniel and Haas, Brian and Kodira, Chinnappa and Tu, Zhijian and Loftus, Brendan and Xi, Zhiyong and Megy, Karyn and Grabherr, Manfred and Ren, Quinghu and Zdobnov, Evgeny M. and Lobo, Neil F. and Campbell, Kathryn S. and Brown, Susan E. and Bonaldo, Maria F. and Zhu, Jingsong and Sinkins, Steven P. and Hogenkamp, David G. and Amedeo, Paolo and Arensburger, Peter and Atkinson, Peter W. and Bidwell, Shelby and Biedler, Jim and Birney, Ewan and Bruggner, Robert V. and Costas, Javier and Coy, Monique R. and Crabtree, Jonathan and Crawford, Matt and DeBruyn, Becky and DeCaprio, David and Eiglmeier, Karin and Eisenstadt, Eric and El-Dorry, Hamza and Gelbart, William M. and Gomes, Suely L. and Hammond, Martin and Hannick, Linda I. and Hogan, James R. and Holmes, Michael H. and Jaffe, David and Johnston, J. Spencer and Kennedy, Ryan C. and Koo, Hean and Kravitz, Saul and Kriventseva, Evgenia V. and Kulp, David and LaButti, Kurt and Lee, Eduardo and Li, Song and Lovin, Diane D. and Mao, Chunhong and Mauceli, Evan and Menck, Carlos F.M. and Miller, Jason R. and Montgomery, Philip and Mori, Akio and Nascimento, Ana L. and Naveira, Horacio F. and Nusbaum, Chad and O'Leary, Sin{\'{e}}ad and Orvis, Joshua and Pertea, Mihaela and Quesneville, Hadi and Reidenbach, Kyanne R. and Rogers, Yu Hui and Roth, Charles W. and Schneider, Jennifer R. and Schatz, Michael and Shumway, Martin and Stanke, Mario and Stinson, Eric O. and Tubio, Jose M.C. and VanZee, Janice P. and Verjovski-Almeida, Sergio and Werner, Doreen and White, Owen and Wyder, Stefan and Zeng, Qiandong and Zhao, Qi and Zhao, Yongmei and Hill, Catherine A. and Raikhel, Alexander S. and Soares, Marcelo B. and Knudson, Dennis L. and Lee, Norman H. and Galagan, James and Salzberg, Steven L. and Paulsen, Ian T. and Dimopoulos, George and Collins, Frank H. and Birren, Bruce and Fraser-Liggett, Claire M. and Severson, David W.},
doi = {10.1126/science.1138878},
issn = {00368075},
journal = {Science},
number = {5832},
pages = {1718--1723},
pmid = {17510324},
title = {{Genome sequence of Aedes aegypti, a major arbovirus vector}},
volume = {316},
year = {2007}
}

@article{giga2014,
  title={{The Global Invertebrate Genomics Alliance (GIGA): developing community resources to study diverse invertebrate genomes}},
  author={{GIGA Community of Scientists}},
  journal={Journal of Heredity},
  volume={105},
  number={1},
  pages={1--18},
  year={2014},
  publisher={Oxford University Press US}
}

@article{giga2017,
  doi = {10.1071/is16059},
  year = {2017},
  publisher = {{CSIRO} Publishing},
  volume = {31},
  number = {1},
  pages = {1},
  author = {Christian R. Voolstra and  GIGA Community of Scientists (COS) and Gert W\"{o}rheide and Jose V. Lopez},
  title = {Advancing genomics through the Global Invertebrate Genomics Alliance ({GIGA})},
  journal = {Invertebrate Systematics}
}

@article{sutta,
    author = {Narzisi, Giuseppe and Mishra, Bud},
    title = {Scoring-and-unfolding trimmed tree assembler: concepts, constructs and comparisons},
    journal = {Bioinformatics},
    volume = {27},
    number = {2},
    pages = {153-160},
    year = {2010},
    month = {11}
}

@article{allpaths,
  title={{ALLPATHS}: \textit{de novo} assembly of whole-genome shotgun microreads},
  author={Butler, Jonathan and MacCallum, Iain and Kleber, Michael and Shlyakhter, Ilya A and Belmonte, Matthew K and Lander, Eric S and Nusbaum, Chad and Jaffe, David B},
  journal={Genome Research},
  volume={18},
  number={5},
  pages={810--820},
  year={2008},
  publisher={Cold Spring Harbor Lab}
}

@article{cabog,
author = {Miller, Jason R. and Delcher, Arthur L. and Koren, Sergey and Venter, Eli and Walenz, Brian P. and Brownley, Anushka and Johnson, Justin and Li, Kelvin and Mobarry, Clark and Sutton, Granger},
doi = {10.1093/bioinformatics/btn548},
issn = {13674803},
journal = {Bioinformatics},
number = {24},
pages = {2818--2824},
title = {{Aggressive assembly of pyrosequencing reads with mates}},
volume = {24},
year = {2008}
}

@article{gossamer,
  title={Gossamer — a resource-efficient \textit{de novo} assembler},
  author={Conway, Thomas and Wazny, Jeremy and Bromage, Andrew and Zobel, Justin and Beresford-Smith, Bryan},
  journal={Bioinformatics},
  volume={28},
  number={14},
  pages={1937--1938},
  year={2012},
  publisher={Oxford University Press}
}

@article{edena,
  title={\textit{De novo} bacterial genome sequencing: millions of very short reads assembled on a desktop computer},
  author={Hernandez, David and Fran{\c{c}}ois, Patrice and Farinelli, Laurent and {\O}ster{\aa}s, Magne and Schrenzel, Jacques},
  journal={Genome Research},
  volume={18},
  number={5},
  pages={802--809},
  year={2008},
  publisher={Cold Spring Harbor Lab}
}

@article{meraculous,
  title={Meraculous: \textit{de novo} genome assembly with short paired-end reads},
  author={Chapman, Jarrod A and Ho, Isaac and Sunkara, Sirisha and Luo, Shujun and Schroth, Gary P and Rokhsar, Daniel S},
  journal={PloS One},
  volume={6},
  number={8},
  pages={e23501},
  year={2011},
  publisher={Public Library of Science}
}

@article{soapdenovo,
author = {Li, Ruiqiang and Zhu, Hongmei and Ruan, Jue and Qian, Wubin and Fang, Xiaodong and Shil, Zhongbin and Lil, Yingrui and Li, Shengting and Shan, Gao and Kristiansen, Karsten and Li, Songgang and Yang, Huanming and Wang, Jian and Wang, Jun},
journal = {Genome Research},
keywords = {assembly,contig,error correction,gap-filling,genome,scaffold},
number = {2},
pages = {265--272},
title = {{\textit{De novo} assembly of human genomes with massively parallel short read sequencing.}},
volume = {20},
year = {2010}
}

@article{spades,
author = {Bankevich, Anton and Nurk, Sergey and Antipov, Dmitry and Gurevich, Alexey A. and Dvorkin, Mikhail and Kulikov, Alexander S. and Lesin, Valery M. and Nikolenko, Sergey I. and Pham, Son and Prjibelski, Andrey D. and Pyshkin, Alexey V. and Sirotkin, Alexander V. and Vyahhi, Nikolay and Tesler, Glenn and Alekseyev, Max A. and Pevzner, Pavel A.},
doi = {10.1089/cmb.2012.0021},
issn = {10665277},
journal = {Journal of Computational Biology},
keywords = {assembly,bacteria,de Bruijn graph,sequencing,single cell},
number = {5},
pages = {455--477},
pmid = {22506599},
title = {{SPAdes: A new genome assembly algorithm and its applications to single-cell sequencing}},
volume = {19},
year = {2012}
}

@article{euler-sr,
title = {Short read fragment assembly of bacterial genomes.},
author = {Chaisson, Mark J. and Pavel A. Pevzner},
journal = {Genome Research},
year = {2008},
volume = {18},
number = {2},
pages = {324--330}
}

@article{jr-assembler,
  title={Assembler for \textit{de novo} assembly of large genomes},
  author={Chu, Te-Chin and Lu, Chen-Hua and Liu, Tsunglin and Lee, Greg C and Li, Wen-Hsiung and Shih, Arthur Chun-Chieh},
  journal={Proceedings of the National Academy of Sciences},
  volume={110},
  number={36},
  pages={E3417--E3424},
  year={2013},
  publisher={National Acad Sciences}
}

@article{taipan,
  title={A fast hybrid short read fragment assembly algorithm},
  author={Schmidt, Bertil and Sinha, Ranjan and Beresford-Smith, Bryan and Puglisi, Simon J},
  journal={Bioinformatics},
  volume={25},
  number={17},
  pages={2279--2280},
  year={2009},
  publisher={Oxford University Press}
}


@article{velvet,
abstract = {The Velvet de novo assembler was designed to build contigs and eventually scaffolds from short-read sequencing data. This protocol describes how to use Velvet, interpret its output, and tune its parameters for optimal results. It also covers practical issues such as configuration, using the VelvetOptimiser routine, and processing colorspace data. Copyright {\textcopyright} 2010 John Wiley {\&} Sons, Inc.},
author = {Zerbino, Daniel R.},
doi = {10.1002/0471250953.bi1105s31},
isbn = {0471250953},
issn = {19343396},
journal = {Current Protocols in Bioinformatics},
keywords = {Genome assembly,Next-Generation Sequencing,de Bruijn Graphs},
volume = {Chapter 11},
pages = {1--12},
title = {{Using the Velvet \textit{de novo} assembler for short-read sequencing technologies}},
year = {2010}
}

@article{ray,
author = {Boisvert, Sébastien and Laviolette, François and Corbeil, Jacques},
title = {Ray: simultaneous Assembly of Reads from a Mix of High-Throughput Sequencing Technologies},
journal = {Journal of Computational Biology},
volume = {17},
number = {11},
pages = {1519-1533},
year = {2010},
doi = {10.1089/cmb.2009.0238},
}

@article{idba,
author = {Peng, Yu and Leung, Henry C.M. and Yiu, S. M. and Chin, Francis Y.L.},
doi = {10.1007/978-3-642-12683-3_28},
isbn = {3642126820},
issn = {03029743},
journal = {Research in Computational Molecular Biology},
pages = {426--440},
title = {{IDBA - a practical iterative De Bruijn graph \textit{de novo} assembler}},
volume = {6044 LNBI},
year = {2010}
}

@article{soapdenovo2,
  title={{SOAPdenovo2}: an empirically improved memory-efficient short-read \textit{de novo} assembler},
  author={Luo, Ruibang and Liu, Binghang and Xie, Yinlong and Li, Zhenyu and Huang, Weihua and Yuan, Jianying and He, Guangzhu and Chen, Yanxiang and Pan, Qi and Liu, Yunjie and others},
  journal={GigaScience},
  volume={1},
  number={1},
  pages={2047--217X},
  year={2012},
  publisher={Oxford University Press}
}

@article{perga,
  title={{PERGA}: a paired-end read guided \textit{de novo} assembler for extending contigs using {SVM} and look ahead approach},
  author={Zhu, Xiao and Leung, Henry CM and Chin, Francis YL and Yiu, Siu Ming and Quan, Guangri and Liu, Bo and Wang, Yadong},
  journal={PloS One},
  volume={9},
  number={12},
  pages={e114253},
  year={2014},
  publisher={Public Library of Science}
}

@article{platanus,
  title={Efficient de novo assembly of highly heterozygous genomes from whole-genome shotgun short reads},
  author={Kajitani, Rei and Toshimoto, Kouta and Noguchi, Hideki and Toyoda, Atsushi and Ogura, Yoshitoshi and Okuno, Miki and Yabana, Mitsuru and Harada, Masayuki and Nagayasu, Eiji and Maruyama, Haruhiko and others},
  journal={Genome Research},
  volume={24},
  number={8},
  pages={1384--1395},
  year={2014},
  publisher={Cold Spring Harbor Lab}
}

@article{qsra,
author={Bryant, Douglas W. and Weng-Keen Wong and Todd C. Mockler},
title={{QSRA} – a quality-value guided \textit{de novo} short read assembler.},
journal={BMC Bioinformatics},
volume={10},
number={1},
pages={1--6},
year={2009}
}

@article{readjoiner,
  title={Readjoiner: a fast and memory efficient string graph-based sequence assembler},
  author={Gonnella, Giorgio and Kurtz, Stefan},
  journal={BMC Bioinformatics},
  volume={13},
  number={1},
  pages={1--19},
  year={2012},
  publisher={BioMed Central}
}

@article{sga,
  title={Efficient \textit{de novo} assembly of large genomes using compressed data structures},
  author={Simpson, Jared T and Durbin, Richard},
  journal={Genome Research},
  volume={22},
  number={3},
  pages={549--556},
  year={2012},
  publisher={Cold Spring Harbor Lab}
}

@article{dbg,
author = {de Bruijn, Nicolass Govert},
title =  {A Combinatorial Problem},
journal = {Koninklijke Nederlandse Akademie v. Wetenschappen},
volume = {49},
pages = {758--764},
year = {1946}
}

@article{Compeau2011,
abstract = {A mathematical concept known as a de Bruijn graph turns the formidable challenge of assembling a contiguous genome from billions of short sequencing reads into a tractable computational problem.},
author = {Compeau, Phillip E.C. and Pevzner, Pavel A. and Tesler, Glenn},
doi = {10.1038/nbt.2023},
journal = {Nature Biotechnology},
number = {11},
pages = {987--991},
pmid = {22068540},
publisher = {Nature Publishing Group},
title = {{How to apply de Bruijn graphs to genome assembly}},
volume = {29},
year = {2011}
}

@article{caenorhabditis_elegans2,
author = {\textit{C. elegans} Sequencing Consortium},
doi = {10.1126/science.282.5396.2012},
issn = {00368075},
journal = {Science},
number = {5396},
pages = {2012--2018},
pmid = {9851916},
title = {{Genome sequence of the nematode \textit{C. elegans}: a platform for investigating biology}},
volume = {282},
year = {1998}
}

@article{henneguya_salminicola,
  title={{A cnidarian parasite of salmon (Myxozoa: Henneguya) lacks a mitochondrial genome}},
  author={Yahalomi, Dayana and Atkinson, Stephen D and Neuhof, Moran and Chang, E Sally and Philippe, Herv{\'e} and Cartwright, Paulyn and Bartholomew, Jerri L and Huchon, Doroth{\'e}e},
  journal={Proceedings of the National Academy of Sciences},
  volume={117},
  number={10},
  pages={5358--5363},
  year={2020},
  publisher={National Acad Sciences}
}

@article{myxozoa_cnidaria,
  title={{Genomic insights into the evolutionary origin of Myxozoa within Cnidaria}},
  author={Chang, E Sally and Neuhof, Moran and Rubinstein, Nimrod D and Diamant, Arik and Philippe, Herv{\'e} and Huchon, Doroth{\'e}e and Cartwright, Paulyn},
  journal={Proceedings of the National Academy of Sciences},
  volume={112},
  number={48},
  pages={14912--14917},
  year={2015},
  publisher={National Acad Sciences}
}


@article{hoilungia_hongkongiensis,
  title={Comparative genomics and the nature of placozoan species},
  author={Eitel, Michael and Francis, Warren R and Varoqueaux, Frederique and Daraspe, Jean and Osigus, Hans-J{\"u}rgen and Krebs, Stefan and Vargas, Sergio and Blum, Helmut and Williams, Gray A and Schierwater, Bernd and others},
  journal={PLoS Biology},
  volume={16},
  number={7},
  pages={1-36},
  year={2018},
  publisher={Public Library of Science San Francisco, CA USA}
}


@article{hydra_oligactis,
  title = {An evolutionarily-conserved {W}nt3/$\beta$-catenin/{S}p5 feedback loop restricts head organizer activity in {H}ydra.},
  author = {Vogg, Matthias C. and Beccari, Leonardo and Iglesias Ollé, Laura and Rampon, Christine and Vriz, Sophie and Perruchoud, Chrystelle and Wenger, Yvan and Galliot, Brigitte},
  journal = {Nature Communications},
  year = {2019},
  volume = {10},
  number = {1},
  pages = {1--15}
}

@article{schistosoma_mansoni2,
author = {Protasio, Anna V. and Tsai, Isheng J. and Babbage, Anne and Nichol, Sarah and Hunt, Martin and Aslett, Martin A. and de Silva, Nishadi and Velarde, Giles S. and Anderson, Tim J.C. and Clark, Richard C. and Davidson, Claire and Dillon, Gary P. and Holroyd, Nancy E. and LoVerde, Philip T. and Lloyd, Christine and McQuillan, Jacquelline and Oliveira, Guilherme and Otto, Thomas D. and Parker-Manuel, Sophia J. and Quail, Michael A. and Wilson, R. Alan and Zerlotini, Adhemar and Dunne, David W. and Berriman, Matthew},
doi = {10.1371/journal.pntd.0001455},
issn = {19352727},
journal = {PLoS Neglected Tropical Diseases},
number = {1},
title = {{A systematically improved high quality genome and transcriptome of the human blood fluke Schistosoma mansoni}},
volume = {6},
year = {2012}
}

@article{tigriopus_japonicus,
author = {Jeong, Chang Bum and Lee, Bo Young and Choi, Beom Soon and Kim, Min Sub and Park, Jun Chul and Kim, Duck Hyun and Wang, Minghua and Park, Heum Gi and Lee, Jae Seong},
doi = {10.1016/j.aquatox.2020.105462},
issn = {18791514},
journal = {Aquatic Toxicology},
pages = {105462},
publisher = {Elsevier B.V.},
title = {{The genome of the harpacticoid copepod \textit{Tigriopus japonicus}: potential for its use in marine molecular ecotoxicology}},
volume = {222},
year = {2020}
}

@article{onchocerca_volvulus,
  title={The genome of \textit{Onchocerca volvulus}, agent of river blindness},
  author={Cotton, James A and Bennuru, Sasisekhar and Grote, Alexandra and Harsha, Bhavana and Tracey, Alan and Beech, Robin and Doyle, Stephen R and Dunn, Matthew and Hotopp, Julie C Dunning and Holroyd, Nancy and others},
  journal={Nature Microbiology},
  volume={2},
  number={2},
  pages={1--12},
  year={2016},
  publisher={Nature Publishing Group}
}

@article{ascaris_suum2,
author = {Wang, Jianbin and Gao, Shenghan and Mostovoy, Yulia and Kang, Yuanyuan and Zagoskin, Maxim and Sun, Yongqiao and Zhang, Bing and White, Laura K. and Easton, Alice and Nutman, Thomas B. and Kwok, Pui Yan and Hu, Songnian and Nielsen, Martin K. and Davis, Richard E.},
doi = {10.1101/gr.225730.117},
issn = {15495469},
journal = {Genome Research},
number = {12},
pages = {2001--2014},
title = {{Comparative genome analysis of programmed DNA elimination in nematodes}},
volume = {27},
year = {2017}
}

@article{echinococcus_multilocularis,
author = {Tsai, Isheng J. and Zarowiecki, Magdalena and Holroyd, Nancy and Garciarrubio, Alejandro and Sanchez-Flores, Alejandro and Brooks, Karen L. and Tracey, Alan and Bobes, Ra{\'{u}}l J. and Fragoso, Gladis and Sciutto, Edda and Aslett, Martin and Beasley, Helen and Bennett, Hayley M. and Cai, Jianping and Camicia, Federico and Clark, Richard and Cucher, Marcela and {De Silva}, Nishadi and Day, Tim A. and Deplazes, Peter and Estrada, Karel and Fern{\'{a}}ndez, Cecilia and Holland, Peter W.H. and Hou, Junling and Hu, Songnian and Huckvale, Thomas and Hung, Stacy S. and Kamenetzky, Laura and Keane, Jacqueline A. and Kiss, Ferenc and Koziol, Uriel and Lambert, Olivia and Liu, Kan and Luo, Xuenong and Luo, Yingfeng and MacChiaroli, Natalia and Nichol, Sarah and Paps, Jordi and Parkinson, John and Pouchkina-Stantcheva, Natasha and Riddiford, Nick and Rosenzvit, Mara and Salinas, Gustavo and Wasmuth, James D. and Zamanian, Mostafa and Zheng, Yadong and Cai, Xuepeng and Soberon, Xavier and Olson, Peter D. and Laclette, Juan P. and Brehm, Klaus and Berriman, Matthew and Morett, Enrique and Portillo, Tobias and Jose, Marco V. and Carrero, Julio C. and Larralde, Carlos and Morales-Montor, Jorge and Limon-Lason, Jorge and Cevallos, Miguel A. and Gonzalez, Vıctor and Ochoa-Leyva, Adrian and Landa, Abraham and Jimenez, Lucıa and Valdes, Vıctor},
doi = {10.1038/nature12031},
issn = {14764687},
journal = {Nature},
number = {7443},
pages = {57--63},
pmid = {23485966},
title = {{The genomes of four tapeworm species reveal adaptations to parasitism}},
volume = {496},
year = {2013}
}

@article{hymenolepis_microstoma2,
  title={Complete representation of a tapeworm genome reveals chromosomes capped by centromeres, necessitating a dual role in segregation and protection},
  author={Olson, Peter D and Tracey, Alan and Baillie, Andrew and James, Katherine and Doyle, Stephen R and Buddenborg, Sarah K and Rodgers, Faye H and Holroyd, Nancy and Berriman, Matt},
  journal={BMC Biology},
  volume={18},
  number={1},
  pages={1--16},
  year={2020},
  publisher={Springer}
}

@article{acanthopleura_granulata,
  title={The iron-responsive genome of the chiton \textit{Acanthopleura granulata}},
  author={Varney, Rebecca M and Speiser, Daniel I and McDougall, Carmel and Degnan, Bernard M and Kocot, Kevin M},
  journal={Genome Biology and Evolution},
  volume={13},
  number={1},
  pages={evaa263},
  year={2021},
  publisher={Oxford University Press}
}

@article{lasioglossum_albipes,
  title={The genetic basis of a social polymorphism in halictid bees},
  author={Kocher, Sarah D and Mallarino, Ricardo and Rubin, Benjamin ER and Douglas, W Yu and Hoekstra, Hopi E and Pierce, Naomi E},
  journal={Nature Communications},
  volume={9},
  number={1},
  pages={1--7},
  year={2018},
  publisher={Nature Publishing Group}
}

@article{anopheles_funestus,
  title={A chromosome-scale assembly of the major African malaria vector \textit{Anopheles funestus}},
  author={Ghurye, Jay and Koren, Sergey and Small, Scott T and Redmond, Seth and Howell, Paul and Phillippy, Adam M and Besansky, Nora J},
  journal={GigaScience},
  volume={8},
  number={6},
  pages={giz063},
  year={2019},
  publisher={Oxford University Press}
}

@article{varroa_destructor,
  title={Divergent evolutionary trajectories following speciation in two ectoparasitic honey bee mites},
  author={Techer, Maeva A and Rane, Rahul V and Grau, Miguel L and Roberts, John Mk and Sullivan, Shawn T and Liachko, Ivan and Childers, Anna K and Evans, Jay D and Mikheyev, Alexander S},
  journal={Communications Biology},
  volume={2},
  number={1},
  pages={1--16},
  year={2019},
  publisher={Nature Publishing Group}
}

@article{carcinoscorpius_rotundicauda2,
  title={Chromosome-level assembly of the horseshoe crab genome provides insights into its genome evolution},
  author={Shingate, Prashant and Ravi, Vydianathan and Prasad, Aravind and Tay, Boon-Hui and Garg, Kritika M and Chattopadhyay, Balaji and Yap, Laura-Marie and Rheindt, Frank E and Venkatesh, Byrappa},
  journal={Nature Communications},
  volume={11},
  number={1},
  pages={1--13},
  year={2020},
  publisher={Nature Publishing Group}
}

@article{rhopilema_esculentum,
  title={Chromosome-level reference genome of the jellyfish \textit{Rhopilema esculentum}},
  author={Li, Yunfeng and Gao, Lei and Pan, Yongjia and Tian, Meilin and Li, Yulong and He, Chongbo and Dong, Ying and Sun, Yamin and Zhou, Zunchun},
  journal={GigaScience},
  volume={9},
  number={4},
  pages={giaa036},
  year={2020},
  publisher={Oxford University Press}
}

@article{lytechinus_variegatus,
author = {Davidson, Phillip L and Guo, Haobing and Wang, Lingyu and Berrio, Alejandro and Zhang, He and Soborowski, Andrew L and Mcclay, David R and Fan, Guangyi and Wray, Gregory A},
doi = {10.1093/gbe/evaa101},
journal = {Genome Biology and Evolution},
title = {{Chromosomal-level genome assembly of the sea urchin \textit{Lytechinus variegatus} substantially improves functional genomic analyses}},
volume={12},
number={7},
pages={1080--1086},
year = {2020}
}

@article{pisaster_ochraceus,
  title={An initial comparative genomic autopsy of wasting disease in sea stars},
  author={Ruiz-Ramos, Dannise V and Schiebelhut, Lauren M and Hoff, Katharina J and Wares, John P and Dawson, Michael N},
  journal={Molecular Ecology},
  volume={29},
  number={6},
  pages={1087--1102},
  year={2020},
  publisher={Wiley Online Library}
}

@article{scapharca_broughtonii,
author = {Bai, Chang Ming and Xin, Lu Sheng and Rosani, Umberto and Wu, Biao and Wang, Qing Chen and Duan, Xiao Ke and Liu, Zhi Hong and Wang, Chong Ming},
doi = {10.1093/gigascience/giz067},
issn = {2047217X},
journal = {GigaScience},
number = {7},
pages = {1--8},
pmid = {31289832},
title = {{Chromosomal-level assembly of the blood clam, \textit{Scapharca (Anadara) broughtonii}, using long sequence reads and Hi-C}},
volume = {8},
year = {2019}
}

@article{chrysomallon_squamiferum,
author = {Sun, Jin and Chen, Chong and Miyamoto, Norio and Li, Runsheng and Sigwart, Julia D. and Xu, Ting and Sun, Yanan and Wong, Wai Chuen and Ip, Jack C.H. and Zhang, Weipeng and Lan, Yi and Bissessur, Dass and Watsuji, Tomo o. and Watanabe, Hiromi Kayama and Takaki, Yoshihiro and Ikeo, Kazuho and Fujii, Nobuyuki and Yoshitake, Kazutoshi and Qiu, Jian Wen and Takai, Ken and Qian, Pei Yuan},
doi = {10.1038/s41467-020-15522-3},
issn = {20411723},
journal = {Nature Communications},
number = {1},
pmid = {32269225},
publisher = {Springer US},
title = {{The Scaly-foot Snail genome and implications for the origins of biomineralised armour}},
volume = {11},
year = {2020}
}

@article{caenorhabditis_remanei2,
  title={Chromosome-level assembly of the \textit{Caenorhabditis remanei} genome reveals conserved patterns of nematode genome organization},
  author={Teterina, Anastasia A and Willis, John H and Phillips, Patrick C},
  journal={Genetics},
  volume={214},
  number={4},
  pages={769--780},
  year={2020},
  publisher={Oxford University Press}
}

@article{heterodera_glycines2,
  title={Chromosome-level reference genome of X12, a highly virulent race of the soybean cyst nematode \textit{Heterodera glycines}},
  author={Lian, Yun and Wei, He and Wang, Jinshe and Lei, Chenfang and Li, Haichao and Li, Jinying and Wu, Yongkang and Wang, Shufeng and Zhang, Hui and Wang, Tingfeng and others},
  journal={Molecular Ecology Resources},
  volume={19},
  number={6},
  pages={1637--1646},
  year={2019},
  publisher={Wiley Online Library}
}

@article{schistosoma_haematobium,
author = {Stroehlein, Andreas J. and Korhonen, Pasi K. and Chong, Teik Min and Lim, Yan Lue and Chan, Kok Gan and Webster, Bonnie and Rollinson, David and Brindley, Paul J. and Gasser, Robin B. and Young, Neil D.},
doi = {10.1093/gigascience/giz108},
issn = {2047217X},
journal = {GigaScience},
number = {9},
pages = {1--12},
pmid = {31494670},
publisher = {Oxford University Press},
title = {{High-quality \textit{Schistosoma haematobium} genome achieved by single-molecule and long-range sequencing}},
volume = {8},
year = {2019}
}

@article{ephydatia_mulleri,
  title={Tracing animal genomic evolution with the chromosomal-level assembly of the freshwater sponge \textit{Ephydatia muelleri}},
  author={Kenny, Nathan J and Francis, Warren R and Rivera-Vic{\'e}ns, Ram{\'o}n E and Juravel, Ksenia and de Mendoza, Alex and D{\'\i}ez-Vives, Cristina and Lister, Ryan and Bezares-Calder{\'o}n, Luis A and Grombacher, Lauren and Roller, Ma{\v{s}}a and others},
  journal={Nature Communications},
  volume={11},
  number={1},
  pages={1--11},
  year={2020},
  publisher={Nature Publishing Group}
}

@article{hofstenia_miamia,
  title={Acoel genome reveals the regulatory landscape of whole-body regeneration},
  author={Gehrke, Andrew R and Neverett, Emily and Luo, Yi-Jyun and Brandt, Alexander and Ricci, Lorenzo and Hulett, Ryan E and Gompers, Annika and Ruby, J Graham and Rokhsar, Daniel S and Reddien, Peter W and others},
  journal={Science},
  volume={363},
  number={6432},
  year={2019},
  publisher={American Association for the Advancement of Science}
}

@article{hypsibius_dujardini1,
  title={Evidence for extensive horizontal gene transfer from the draft genome of a tardigrade},
  author={Boothby, Thomas C and Tenlen, Jennifer R and Smith, Frank W and Wang, Jeremy R and Patanella, Kiera A and Nishimura, Erin Osborne and Tintori, Sophia C and Li, Qing and Jones, Corbin D and Yandell, Mark and others},
  journal={Proceedings of the National Academy of Sciences},
  volume={112},
  number={52},
  pages={15976--15981},
  year={2015},
  publisher={National Acad Sciences}
}

@article{hypsibius_dujardini2,
  title={No evidence for extensive horizontal gene transfer in the genome of the tardigrade \textit{Hypsibius dujardini}},
  author={Koutsovoulos, Georgios and Kumar, Sujai and Laetsch, Dominik R and Stevens, Lewis and Daub, Jennifer and Conlon, Claire and Maroon, Habib and Thomas, Fran and Aboobaker, Aziz A and Blaxter, Mark},
  journal={Proceedings of the National Academy of Sciences},
  volume={113},
  number={18},
  pages={5053--5058},
  year={2016},
  publisher={National Acad Sciences}
}

@article{kad,
  title={{Factorial estimating assembly base errors using \textit{k}-mer abundance difference (KAD) between short reads and genome assembled sequences}},
  author={He, Cheng and Lin, Guifang and Wei, Hairong and Tang, Haibao and White, Frank F and Valent, Barbara and Liu, Sanzhen},
  journal={NAR Genomics and Bioinformatics},
  volume={2},
  number={3},
  pages={lqaa075},
  year={2020},
  publisher={Oxford University Press}
}

@article{blobtools,
  title={{BlobTools: Interrogation of genome assemblies}},
  author={Laetsch, Dominik R and Blaxter, Mark L},
  journal={F1000Research},
  volume={6},
  number={1287},
  pages={1287},
  year={2017},
  publisher={F1000 Research Limited}
}

@article{blobtoolkit,
  title={{BlobToolKit--Interactive quality assessment of genome assemblies}},
  author={Challis, Richard and Richards, Edward and Rajan, Jeena and Cochrane, Guy and Blaxter, Mark},
  journal={G3: Genes, Genomes, Genetics},
  volume={10},
  number={4},
  pages={1361--1374},
  year={2020},
  publisher={Oxford University Press}
}



@article{complete_human,
	author = {Nurk, Sergey and Koren, Sergey and Rhie, Arang and Rautiainen, Mikko and Bzikadze, Andrey V. and Mikheenko, Alla and Vollger, Mitchell R. and Altemose, Nicolas and Uralsky, Lev and Gershman, Ariel and Aganezov, Sergey and Hoyt, Savannah J. and Diekhans, Mark and Logsdon, Glennis A. and Alonge, Michael and Antonarakis, Stylianos E. and Borchers, Matthew and Bouffard, Gerard G. and Brooks, Shelise Y. and Caldas, Gina V. and Cheng, Haoyu and Chin, Chen-Shan and Chow, William and de Lima, Leonardo G. and Dishuck, Philip C. and Durbin, Richard and Dvorkina, Tatiana and Fiddes, Ian T. and Formenti, Giulio and Fulton, Robert S. and Fungtammasan, Arkarachai and Garrison, Erik and Grady, Patrick G. S. and Graves-Lindsay, Tina A. and Hall, Ira M. and Hansen, Nancy F. and Hartley, Gabrielle A. and Haukness, Marina and Howe, Kerstin and Hunkapiller, Michael W. and Jain, Chirag and Jain, Miten and Jarvis, Erich D. and Kerpedjiev, Peter and Kirsche, Melanie and Kolmogorov, Mikhail and Korlach, Jonas and Kremitzki, Milinn and Li, Heng and Maduro, Valerie V. and Marschall, Tobias and McCartney, Ann M. and McDaniel, Jennifer and Miller, Danny E. and Mullikin, James C. and Myers, Eugene W. and Olson, Nathan D. and Paten, Benedict and Peluso, Paul and Pevzner, Pavel A. and Porubsky, David and Potapova, Tamara and Rogaev, Evgeny I. and Rosenfeld, Jeffrey A. and Salzberg, Steven L. and Schneider, Valerie A. and Sedlazeck, Fritz J. and Shafin, Kishwar and Shew, Colin J. and Shumate, Alaina and Sims, Yumi and Smit, Arian F. A. and Soto, Daniela C. and Sovic, Ivan and Storer, Jessica M. and Streets, Aaron and Sullivan, Beth A. and Thibaud-Nissen, Francoise and Torrance, James and Wagner, Justin and Walenz, Brian P. and Wenger, Aaron and Wood, Jonathan M. D. and Xiao, Chunlin and Yan, Stephanie M. and Young, Alice C. and Zarate, Samantha and Surti, Urvashi and McCoy, Rajiv C. and Dennis, Megan Y. and Alexandrov, Ivan A. and Gerton, Jennifer L. and O{\textquoteright}Neill, Rachel J. and Timp, Winston and Zook, Justin M. and Schatz, Michael C. and Eichler, Evan E. and Miga, Karen H. and Phillippy, Adam M.},
	title = {The complete sequence of a human genome},
	year = {2021},
	doi = {10.1101/2021.05.26.445798},
	publisher = {Cold Spring Harbor Laboratory},
	journal = {bioRxiv}
}

@misc{ncbi,
title = {{NCBI, \url{https://www.ncbi.nlm.nih.gov/}}},
author = {National Center for Biotechnology Information},
year = {2021}
}